3025 4409
533 473 648 524 Joannis
664 470 746 524 Keilii
762 470 934 541 praestigiae.
1122 475 1181 534 217

291 628 357 707 lega
376 626 587 688 Heerbrandus
608 628 785 707 bemiplexia
806 627 958 689 sinistrum
977 626 1055 686 latus
1075 625 1182 686 leviter

290 739 387 790 tactus
416 727 599 788 vacationem
624 728 662 787 ab
690 728 792 789 officio
822 729 878 788 boc
905 733 970 788 toto
991 745 1070 786 anno
1092 745 1181 806 quam

289 828 521 888 revalescentiae
547 829 704 906 impendit,
732 827 813 888 dorni
838 827 954 902 babuit,
987 826 1073 903 cujus
1098 826 1181 887 vices

291 929 429 989 Zellerus
456 929 516 1007 egit
542 928 671 1009 mihique
690 928 791 1003 astitit,
812 927 864 1007 qui
884 929 941 988 boc
962 927 1108 988 decennio
1128 927 1181 986 ab·

291 1029 393 1090 soluto
420 1031 509 1090 toto.
532 1049 686 1090 sermones
711 1048 831 1102 sacros,
864 1047 941 1108 quos
966 1027 1043 1088 duos
1067 1027 1180 1088 bebdo-

290 1129 391 1189 matim
411 1130 513 1203 debui,
536 1131 565 1190 in
587 1129 656 1190 aula
674 1128 773 1203 habui,
795 1137 876 1189 certa
896 1129 1083 1208 probatione,
1105 1149 1181 1210 quae

291 1232 404 1292 interea
424 1230 568 1308 temporis
589 1251 643 1309 per
662 1229 894 1290 invaletudinem
915 1236 968 1291 aut
986 1229 1044 1290 alia
1063 1229 1183 1309 negotia

293 1338 363 1393 sunt
391 1330 613 1410 praetermissa,
651 1328 803 1407 diligentia
832 1328 889 1388 alia
920 1330 1013 1390 fuisse
1047 1349 1181 1409 repensa.

294 1431 437 1492 Fabulam
462 1433 575 1490 interea
600 1449 707 1508 magno
734 1429 842 1508 plausu
869 1431 899 1492 t.
928 1437 957 1490 et
985 1432 1012 1490 7.
1038 1431 1180 1492 Februar.

294 1532 355 1610 egit
364 1532 498 1590 loannes
512 1528 703 1605 Keilius²⁶⁷)
718 1529 942 1606 Geerlingensis
953 1529 1073 1606 vinitor,
1092 1532 1182 1593 bomo

293 1639 468 1710 protervus,
501 1629 712 1709 apparitionem
743 1629 841 1707 angeli
870 1629 1014 1708 geminam
1044 1632 1183 1693 mentitus

294 1743 326 1794 et
345 1732 444 1812 quinis
463 1730 572 1790 vitibus
597 1731 756 1789 cruentatis
777 1729 951 1807 praestigias
972 1731 1094 1804 iaciens,
1115 1731 1182 1810 piu-

294 1833 438 1912 ribusque
462 1850 525 1890 non
551 1831 660 1890 obesae
681 1830 761 1889 naris
783 1829 822 1888 ob
845 1828 924 1890 diras
950 1849 1025 1910 ,quas
1052 1831 1183 1892 minaba-

294 1943 345 1994 tur
369 1933 540 2011 imponens,
572 1932 623 2012 qui
649 1931 767 2008 saepius
794 1929 977 1991 examinatus
1002 1937 1031 1991 et
1056 1931 1183 2006 auditus

295 2053 363 2094 cnm
384 2030 500 2092 lubrice
519 2038 620 2111 ageret
640 2032 670 2092 in
695 2030 815 2092 vincula
834 2031 989 2108 conjectus
1016 2037 1046 2091 et
1071 2031 1184 2094 fraudis

296 2141 367 2212 post
386 2131 463 2192 alios
483 2139 572 2212 atque
592 2132 669 2193 alios
695 2133 780 2192 lusus
806 2131 977 2205 convictuS,
1002 2131 1094 2210 virgis
1117 2151 1185 2194 caea

296 2254 350 2295 sus
371 2233 420 2293 23.
433 2233 516 2311 Sept.
539 2239 569 2292 et
594 2233 722 2310 ejectus,
750 2233 813 2293 risu
840 2240 987 2292 terrorem
1008 2239 1038 2293 et
1057 2232 1186 2294 absurda

296 2335 458 2396 multorum
474 2333 587 2409 judicia
607 2332 690 2392 finiit.
733 2332 892 2394 Caeterum
911 2351 1015 2411 pacem
1036 2339 1082 2394 tot
1100 2333 1186 2395 annis

297 2441 428 2514 optatam
461 2441 491 2494 et
521 2432 684 2513 quaesitam
714 2434 762 2494 bic
792 2455 887 2496 annus
919 2430 1081 2494 difficilimo
1113 2433 1187 2494 nixu

298 2535 416 2597 tandem
431 2533 549 2612 peperit
560 2535 610 2594 14.
625 2533 771 2611 Oct²⁶⁸>
788 2535 876 2596 nobis
893 2534 1061 2595 nunciatam
1074 2534 1135 2609 21.,
1157 2542 1187 2595 et

298 2637 329 2697 2.
340 2635 419 2696 Nov.
439 2632 558 2694 solenni
577 2632 734 2694 festivitate
755 2635 949 2696 eucharistica
968 2635 999 2694 in
1020 2653 1136 2696 summo
1158 2642 1188 2696 et

298 2736 385 2798 atilae
405 2733 523 2812 templis
542 2732 729 2811 publicatam.
778 2734 836 2796 Oui
856 2734 1046 2795 adornandae
1067 2735 1137 2796 dum
1157 2735 1188 2796 in

299 2836 412 2897 curiam
432 2833 596 2908 contendo,
617 2832 735 2894 lubrico
755 2834 833 2912 pede
853 2831 1046 2913 lapsus²⁰⁹),
1074 2835 1187 2896 femore

300 2937 411 2997 afflicto
431 2935 509 2994 inter
525 2933 647 2994 dolores
665 2932 746 2994 domi
766 2935 805 2996 18
818 2935 923 2997 diebus
934 2937 984 2996 28.
1000 2935 1125 2996 Octobr.
1138 2954 1189 2996 us-

301 3059 360 3119 que
382 3037 431 3097 12.
443 3035 523 3096 Nov.
544 3035 682 3096 detentus
702 3054 777 3095 sum.
827 3032 1021 3114 Colligendae
1041 3053 1116 3096 vero
1136 3054 1189 3114 pe-

302 3137 423 3208 cuniae,
450 3154 509 3215 qua
528 3153 589 3212 pax
608 3135 818 3207 redimeretur,
843 3135 974 3196 rationes
994 3137 1074 3198 hunc
1094 3143 1191 3198 totum

302 3257 413 3298 annum
440 3241 641 3313 occuparunt,
673 3234 785 3296 coactis
811 3234 937 3296 subinde
964 3235 1090 3297 comitiis
1119 3241 1149 3296 et
1173 3255 1192 3295 a

304 3340 354 3399 14.
367 3338 434 3397 Jan.
450 3355 547 3416 usque
564 3337 614 3396 25.
627 3336 729 3412 Mart,
751 3336 799 3396 16.
813 3335 938 3416 August.
953 3357 1050 3418 usque
1070 3341 1099 3400 8.
1114 3338 1192 3411 Oct,

306 3440 356 3498 12.
377 3435 457 3498 Νον.
483 3455 581 3517 usque
607 3436 656 3495 12.
677 3435 821 3498 Februar.
847 3437 999 3517 sequentis
1025 3436 1095 3497 anni
1121 3457 1193 3516 pro-

306 3538 418 3614 ductis,
450 3536 502 3597 nbi
522 3544 552 3597 et
572 3536 670 3598 obiter
690 3537 728 3598 de
748 3537 885 3616 augendo
906 3536 1093 3600 alumnorum
1113 3538 1195 3618 prin-
