3025 4409
482 497 550 548 Tres
568 493 680 549 Gratiae
697 492 970 564 wirtembergenses.
1118 502 1176 562 ¹187

284 649 321 710 lia
349 650 516 730 Stolbergi‚
543 651 675 712 Barbara
702 651 797 712 Maria
825 651 1008 725 Ebersteini,
1037 659 1066 712 et
1088 651 1176 712 Anna

285 749 453 812 Elisabetba
474 752 626 814 Leosteini
648 752 785 827 comites,
815 759 877 813 tum
892 753 997 814 Martis
1018 751 1093 831 pulli
1114 752 1176 831 pri-

282 870 398 911 mores:
420 852 561 929 Marcius,
573 854 710 922 Gleuius,
722 852 859 926 Golzius‚
872 860 902 913 et
913 852 1095 914 secundarii:
1113 853 1175 912 Un-

281 949 387 1028 gotter,
404 952 556 1029 Wolllius,
579 975 675 1035 aquo
698 954 866 1033 gradarium
889 973 998 1034 equum
1019 953 1101 1015 dono
1123 974 1174 1013 ae-

281 1051 364 1129 cepi,
393 1053 519 1114 llolzius
545 1055 655 1136 aliique
676 1075 785 1135 magno
813 1073 953 1131 numero,
979 1053 1008 1114 in
1030 1073 1108 1134 qnos
1129 1039 1174 1114 in-

282 1151 402 1231 quirere
422 1173 484 1214 non
505 1154 601 1232 libuit,
619 1155 719 1235 potius
741 1155 813 1236 quid
834 1155 1016 1216 condimenti
1028 1154 1174 1216 iuterbos

283 1252 426 1332 strepitus
452 1255 556 1330 luerit,
579 1257 791 1318 annotandum.
834 1255 930 1333 Cujus
950 1255 1038 1316 facile
1065 1255 1175 1334 prima-

283 1353 359 1414 rium
380 1355 572 1417 conversatio
600 1376 667 1418 oum
688 1355 855 1417 illustribus
876 1356 1041 1435 virginibus
1061 1358 1175 1418 nostris

281 1453 427 1536 Antonia,
448 1456 536 1518 Anna
553 1457 674 1518 loanna
694 1465 723 1518 et
743 1455 863 1530 Sibilla,
880 1455 1034 1518 Wirtemb.
1057 1458 1175 1520 Gratia-

283 1575 350 1616 rum
368 1557 472 1633 triade,
490 1557 616 1638 pietatis,
638 1557 827 1619 innocentiae
841 1562 871 1616 et
889 1557 1071 1619 concordiae
1084 1557 1176 1620 raris-

284 1656 360 1718 simo
381 1657 506 1737 speculo
523 1665 553 1720 et
569 1660 732 1738 specimine
752 1676 872 1719 omnem
892 1657 982 1718 fidem
1003 1666 1174 1737 superante,

284 1758 432 1839 qualeque
457 1759 569 1821 vidisse
595 1759 677 1820 omni
703 1760 764 1821 vita
785 1779 851 1819 inea
872 1777 934 1818 non
954 1759 1083 1820 memini.
1110 1762 1175 1822 Hae

284 1879 350 1919 oum
389 1860 511 1921 musicis
544 1860 747 1921 instrumentis
786 1869 815 1920 et
841 1858 1058 1939 probatissimis
1089 1859 1175 1922 libris

282 1960 427 2038 temporis
441 1967 472 2021 st
481 1976 554 2022 suae
575 1961 665 2022 sortis
685 1960 813 2021 taedium
827 1959 973 2035 fallerent,
988 1959 1077 2020 animi
1092 1968 1173 2020 tran-

283 2061 442 2142 quillitate,
463 2062 657 2123 adversorum
677 2059 818 2143 patientia
839 2070 869 2121 et
892 2060 1078 2122 voluntatum
1100 2081 1174 2122 oon-

283 2181 375 2224 sensu
406 2171 526 2241 praeter
555 2181 672 2223 morum
706 2160 914 2221 amabilitatem
944 2174 974 2222 et
994 2161 1173 2237 facilitatem,

283 2283 374 2342 saepe
394 2263 424 2323 in
445 2261 630 2341 aegritudine
651 2281 717 2321 mea
737 2260 855 2338 solatio,
873 2262 921 2322 vel
941 2261 1042 2341 potius
1064 2279 1174 2340 expro-

283 2364 413 2425 brationi
432 2365 570 2437 iurarunt,
597 2369 630 2423 ut
658 2363 696 2422 ad
716 2381 764 2422 me
785 2369 856 2442 post
875 2363 965 2423 animi
987 2362 1116 2444 deliquia
1144 2371 1174 2426 et

284 2465 379 2526 iraeni
396 2483 516 2526 morsus
527 2462 614 2524 citius
625 2461 773 2524 redierim.
797 2463 893 2542 Cujus
904 2463 1033 2526 indicem
1047 2467 1096 2526 10.
1105 2465 1174 2526 Oet.

283 2565 469 2646 trigeminum
491 2562 633 2624 annulum
655 2563 848 2626 honorarium
869 2565 1008 2627 omuibus
1022 2565 1088 2626 aliis
1106 2565 1175 2626 illu-

284 2667 396 2728 stribus
419 2662 551 2726 donariis
573 2664 845 2726 contrababendum
859 2667 971 2745 accepi,
989 2666 1174 2744 jucundissi-

284 2787 349 2828 mae
376 2764 613 2828 conversationis
635 2771 665 2825 et
684 2765 888 2826 familiaritatis
912 2774 1107 2828 monumento
1128 2768 1176 2830 fu-

283 2877 393 2930 turum.
414 2866 504 2930 Stetit
519 2873 581 2926 tum
593 2865 820 2946 aulapraeterd
831 2865 963 2928 illustres
976 2885 1123 2946 personas
1134 2871 1175 2930 24

283 2973 398 3030 tantum
421 2965 567 3047 capitibus
588 2966 803 3028 nobilioribus:
825 2966 873 3027 Jo.
894 2967 958 3028 dac.
973 2968 1174 3045 aReischacb,

284 3068 440 3130 Ludovioo
457 3067 625 3128 alanowiz
652 3075 681 3128 et
700 3068 750 3129 Jo.
769 3067 895 3129 Alberto
914 3069 1086 3132 aWelwart
1101 3091 1175 3132 con·

283 3169 416 3242 siliariis,
453 3167 585 3228 Ascanio
614 3187 632 3227 a
660 3167 801 3228 Borcken
834 3169 985 3245 juventuti
1024 3171 1174 3252 quondam

283 3267 444 3350 principis,
465 3269 592 3330 Jobann.
612 3267 724 3329 Baltas.
746 3271 959 3332 Bnoehenavio
981 3271 1097 3348 domari,
1119 3272 1174 3334 Jo-

284 3372 364 3433 doco
394 3371 526 3432 llenrioo
559 3389 578 3430 a
604 3371 698 3430 Lente
731 3370 864 3444 stabulo,
900 3378 930 3432 et
960 3372 1007 3433 Jo.
1043 3373 1174 3434 llenrioo

284 3471 447 3533 aGoalniz
467 3469 634 3546 venationi,
657 3477 720 3530 tum
742 3472 896 3534 budovioo
920 3473 999 3534 Gutb
1018 3492 1037 3531 a
1050 3471 1124 3532 Sulz
1146 3481 1175 3534 et

283 3572 388 3683 ψήοο
398 3571 524 3634 Alberto
538 3590 557 3632 a
571 3569 719 3651 Geisberg
734 3589 887 3652 gynaeceo
902 3574 1069 3653 praelectis,
1080 3595 1175 3655 porro
