3025 4409
331 482 392 544 2⁶2
599 472 682 532 Liber
698 475 741 533 vl.
776 473 958 534 loce-ltin.

332 633 443 694 hardus
460 651 499 694 ex
519 631 600 694 nolis
621 678 687 709 .....
714 634 886 696 Fridericus
905 631 1154 713 Krezmajer²⁷⁴)
1171 652 1229 712 pa-

332 742 435 796 ternae
452 732 598 794 amicitiae
614 733 719 796 haeres
737 737 786 794 12.
801 735 898 810 lunii,
923 734 1072 796 Gottiried
1091 734 1227 794 lluhorst

334 834 412 894 lilius
428 832 590 912 spiritualis
605 832 697 912 longe
709 833 948 910 jucundissimus
959 835 1010 894 20.
1022 831 1112 909 Νον.,
1130 833 1225 894 Nico-

332 934 398 995 laus
424 934 504 994 ldler
521 933 638 994 vicinus
654 934 785 1012 optimus
805 938 855 996 21.
869 935 1005 1008 Octobr,
1028 934 1136 1014 quibus
1153 933 1225 994 Gal-

331 1055 387 1097 vae
406 1033 585 1097 accensendi
600 1034 753 1112 losephus
773 1035 875 1098 Geisel
896 1041 1051 1113 compater
1069 1036 1120 1096 25.
1131 1035 1225 1110 Junii,

330 1144 361 1198 et
381 1137 442 1197 duo
463 1145 590 1216 nepotes
608 1136 730 1198 Riielini
742 1135 1059 1198 JoauussLudovicus
1080 1143 1111 1195 et
1130 1135 1226 1194 loan-

329 1256 384 1300 nes
411 1238 561 1316 Georgius
590 1240 638 1298 11.
655 1235 756 1297 Martii
783 1242 812 1296 et
839 1237 887 1298 17.
900 1235 972 1297 Julii
1000 1237 1082 1312 (curn
1104 1235 1151 1296 hic
1171 1236 1224 1296 2⁶.

329 1338 402 1416 Maji
426 1346 495 1398 ante
523 1336 678 1418 praecipiti
704 1345 774 1416 post
800 1335 940 1398 incussos
971 1343 1103 1398 terrores
1135 1342 1225 1413 partu

329 1447 417 1500 natus
444 1439 565 1516 luisset)
595 1437 703 1499 donati.
752 1436 949 1500 salutantium
976 1443 1007 1498 et
1031 1434 1223 1496 invisentinm

329 1559 390 1600 non
418 1538 544 1617 exiguus
570 1538 625 1600 suit
650 1539 740 1615 hujus
762 1537 831 1598 arrni
858 1545 1040 1616 proventus;
1071 1555 1112 1596 ex
1134 1541 1223 1596 note-

327 1639 485 1701 bilioribus
501 1639 620 1719 quidem
631 1645 750 1718 praeter
761 1638 967 1712 Forstuernur,
979 1637 1128 1712 Lansium,
1139 1638 1222 1698 llan-

327 1740 408 1820 gium
428 1748 458 1802 et
478 1738 650 1801 consimiles
670 1739 846 1800 viciniores:
873 1739 994 1799 isaacus
1015 1737 1160 1817 Rumplcr
1182 1757 1221 1798 ex

326 1840 419 1904 nobil.
432 1839 615 1902 Marchionis
623 1840 770 1901 Badensis
789 1837 898 1900 familia
915 1839 965 1899 22.
976 1838 1082 1918 April,
1100 1838 1222 1900 Joachi-

326 1963 393 2005 mus
419 1930 606 2004 Christianus
630 1939 751 2016 Nenj.
769 1940 797 2001 d.
818 1939 897 2000 inter
921 1939 1110 2000 consiliarios
1136 1937 1221 2018 priu-

326 2043 401 2122 cipis
418 2042 482 2104 heri
502 2041 560 2101 snei
581 2047 729 2119 receptus,
751 2059 806 2118 per
826 2041 854 2101 6.
872 2041 1051 2120 septimanas
1065 2039 1220 2116 jucundus

326 2145 438 2222 hospes
468 2144 519 2202 22.
540 2141 637 2218 Maji,
672 2140 807 2202 Andreas
832 2141 948 2220 Berger
975 2141 1048 2220 reip.
1075 2141 1221 2202 Ulmanae

326 2243 477 2306 actuarius
494 2245 523 2302 2.
535 2243 674 2319 August,
692 2241 800 2302 Petrus
816 2241 1022 2302 Menderliuus
1037 2239 1149 2300 amicus
1165 2259 1218 2302 vc-

325 2351 447 2406 teranus
467 2343 544 2404 lama
564 2361 620 2403 sua
639 2340 767 2402 celebris
789 2343 818 2402 3.
829 2343 968 2420 August,
990 2341 1097 2402 Daniel
1118 2343 1220 2402 Hoser

325 2445 520 2522 Augustanus
538 2443 568 2502 3.
580 2439 721 2518 August.;
744 2461 781 2502 ex
800 2441 943 2504 studiosis
954 2461 1028 2502 vero
1040 2441 1219 2502 Wilhelmus

325 2543 462 2624 Lyserus
481 2541 624 2615 Erillus,
645 2541 736 2603 theol.
749 2542 849 2603 licent.
867 2543 916 2602 2⁰.
930 2540 1066 2616 Octobr,
1087 2540 1219 2602 Alexan-

326 2645 381 2706 der
401 2650 431 2704 et
450 2643 519 2704 Joh.
530 2641 664 2704 lacobus
684 2641 815 2718 Mundii,
839 2642 963 2722 Georgii
983 2641 1036 2702 lilii
1057 2643 1106 2702 23.
1119 2641 1220 2717 Mart,

200 2734 201 2737 ¹
325 2747 393 2809 Joh.
410 2745 492 2807 Frid.
513 2744 633 2805 Gruber
652 2743 752 2823 pictor
771 2749 842 2822 post
861 2743 976 2824 aliquot
996 2761 1092 2804 annos
1113 2743 1221 2817 redux,

325 2852 457 2928 quatuor
481 2845 512 2905 hi
530 2844 677 2924 sanguine
692 2844 804 2922 juncti,
832 2829 895 2906 turn
921 2844 981 2906 duo
1002 2843 1110 2904 iratres
1131 2841 1220 2922 Agri-

326 2946 411 3009 colae
432 2947 462 3007 3.
476 2944 583 3023 April,
604 2945 795 3021 DietharruS,
822 2944 979 3020 Picardus,
1006 2943 1083 3018 Sax,
1112 2963 1219 3008 omues

324 3045 440 3121 Norici,
451 3045 705 3108 llammerschmid
714 3046 765 3106 23.
773 3043 880 3119 Martii,
894 3043 1083 3106 Silemaunus
1095 3046 1144 3104 14.
1153 3044 1220 3106 Νο-

323 3146 437 3210 vembr.
459 3153 491 3207 et
509 3146 569 3222 alii,
590 3147 699 3228 quibus
717 3145 923 3207 accensendus
939 3143 1115 3206 Valentinus
1136 3146 1219 3206 Roo-

323 3251 391 3310 ther
410 3246 542 3308 musicus
563 3246 830 3308 excellentissimus
852 3247 880 3306 6.
892 3244 986 3320 Νον.,
1007 3265 1064 3306 uec
1084 3253 1220 3323 praeter-

323 3348 460 3412 mittendi
494 3348 628 3409 Joanucs
667 3347 815 3409 Hernicus
851 3345 1016 3408 Schorkius
1058 3343 1220 3419 carmelita,

326 3450 477 3528 Georgius
496 3448 613 3528 Zapler,
637 3448 789 3510 Mathaeus
808 3447 895 3510 lincol
912 3445 1081 3526 Angustia„
1103 3451 1134 3505 el
1150 3446 1219 3508 doh.
