3025 4409
466 496 609 552 Posterits
627 496 777 565 Vallringaa
793 497 954 552 incendium.
1118 506 1160 565 67

139 658 140 701 ῑ
261 656 375 717 ramide
405 654 567 734 fastigiata,
599 652 698 733 ignem
727 653 868 733 concepit
897 654 983 717 etin
1009 653 1159 736 reliquum

260 776 352 819 omne
377 754 545 817 aediticium
573 754 669 832 ejecit.
712 752 772 815 Oui
797 754 878 816 malo
899 774 961 836 quo
986 754 1085 820 minus
1106 775 1159 817 oc·

259 864 448 931 curreretur,
475 854 685 917 vitiosissimas
710 853 810 917 scalae
835 874 891 934 per
916 875 991 936 quas
1018 854 1157 919 diffioflfi.

258 978 328 1020 nrus
349 964 380 1018 et
399 955 544 1036 angulus
565 954 690 1016 dabatur
710 973 865 1031 ascensus,
886 955 1046 1035 plurimum
1062 957 1157 1039 impe.

257 1058 390 1119 dierunt.
432 1056 494 1118 Sed
516 1056 546 1117 id
567 1056 693 1117 maxime
712 1055 969 1132 detrimentosum,
990 1058 1074 1138 quod
1093 1078 1156 1123 uon

256 1158 320 1219 nisi
346 1157 514 1219 arctissimo
548 1156 694 1217 toramine
722 1174 822 1237 eoque
846 1155 937 1217 unico
964 1156 1155 1237 irrependum

255 1256 409 1337 superiori
433 1256 538 1337 templi
563 1256 799 1318 contabulationi
818 1275 946 1317 necesse
965 1265 1044 1322 erat:
1073 1261 1157 1340 quod

254 1358 329 1440 quia
347 1357 426 1437 ignis
447 1364 648 1437 occupaverat
669 1376 758 1417 omne
780 1356 870 1418 simul
888 1358 1051 1421 burrianum
1068 1360 1155 1423 auxi-

253 1460 332 1521 lium
354 1457 523 1519 excluserat
544 1457 732 1538 docebatque
752 1457 812 1517 beu
829 1457 941 1520 serius!
962 1476 1026 1519 non
1043 1460 1155 1526 trustra

254 1560 332 1623 olim
354 1561 590 1624 huncerrorem
611 1557 842 1619 architectorum
863 1558 958 1621 tuisse
976 1567 1111 1623 nouum
1124 1568 1155 1623 et

253 1669 292 1723 ut
311 1658 522 1721 emendaretur
540 1656 687 1720 aedilibus
708 1658 867 1737 ingestum.
908 1658 1012 1739 ltaque
1032 1659 1102 1740 igue
1122 1662 1153 1725 iu

252 1760 359 1841 templi
378 1757 543 1840 penetralia
563 1758 737 1821 intromisso
759 1778 795 1819 ac
811 1759 874 1834 jam
892 1760 1054 1837 saeviente,
1074 1762 1152 1825 miro

253 1866 342 1941 ajunt
360 1861 480 1941 fragore
506 1878 542 1919 ac
568 1858 650 1919 venti
676 1859 858 1938 impellentis
879 1878 1032 1921 murmure
1051 1863 1152 1925 omnia

252 1962 438 2023 horrendum
464 1960 495 2021 in
522 1960 644 2021 modurn
664 1978 854 2039 personasse.
897 1958 1052 2040 Quidquid
1072 1961 1151 2025 enim

252 2082 295 2125 ex
323 2060 475 2125 subselliis
496 2068 526 2123 et
547 2059 676 2121 scamnis
697 2066 779 2121 tecto
799 2059 942 2123 incidenti
957 2058 1150 2139 jungebatur,

252 2162 285 2224 id
310 2162 464 2223 ardentem
490 2160 577 2243 quasi
605 2160 755 2223 clibanum
782 2160 939 2223 efficiebat.
981 2159 1070 2227 Unde
1092 2180 1150 2224 uec

251 2262 369 2342 lapides
390 2261 510 2343 quidem
528 2260 669 2321 ardorem
689 2261 887 2337 sustinebant,
908 2260 963 2323 sed
978 2260 1009 2323 in
1026 2260 1149 2340 calcem,

251 2363 402 2425 scissuras
427 2369 458 2423 et
478 2362 643 2441 fragmenta
668 2360 812 2438 uiolentia
831 2362 967 2425 mmmae
990 2369 1150 2427 converta-

251 2462 372 2525 bantur.
415 2462 512 2523 Lubet
536 2462 584 2524 lric
610 2462 714 2542 templi
738 2462 837 2525 nostri
861 2481 934 2524 saue
958 2462 1149 2544 aspectabilis

251 2564 380 2642 figuram
391 2562 459 2623 rudi
469 2562 585 2625 circino
598 2562 761 2626 delineare.
783 2562 1031 2643 Quadrangulum
1039 2564 1072 2625 id
1084 2564 1148 2641 fuit,

250 2662 377 2743 longum
398 2663 491 2742 pedes
512 2664 583 2741 120,
603 2664 696 2725 latum
710 2665 761 2738 78,
782 2664 875 2727 altum
890 2663 1071 2727 mcdiaarea
1088 2685 1148 2745 qua

251 2764 380 2825 maxime
407 2764 583 2845 assurgebat
606 2765 649 2825 ‘7⁰
669 2784 699 2843 p.
740 2764 818 2825 Nam
846 2762 902 2825 alis
923 2765 987 2827 suis
1007 2765 1148 2847 utrinque

251 2864 360 2927 additis
394 2866 436 2925 36
463 2866 575 2945 pedum
609 2869 724 2928 tantum
757 2863 942 2927 altitudinem
975 2865 1146 2945 attingebat.

251 2964 452 3027 Accesserant
471 2964 510 3025 ad
530 2971 690 3045 utrumque
710 2964 789 3027 latus
800 2965 830 3025 t.
849 2970 1075 3028 concamaratae
1085 2966 1147 3029 cel-

251 3064 331 3127 lnlaa
351 3084 458 3145 parum
485 3066 611 3128 minoris
639 3064 825 3132 elevationis.
869 3063 976 3128 Omnis
994 3072 1148 3131 succurra

252 3166 301 3230 ro.
318 3165 537 3228 robustissimis
560 3164 708 3229 columnis
735 3164 766 3227 in
795 3165 835 3225 12
855 3170 957 3243 partes
982 3185 1143 3247 propemo-

251 3266 323 3328 dum
348 3266 490 3348 aequales
516 3266 719 3337 dividebatur3
747 3264 815 3327 illas
835 3282 918 3327 nuuc
936 3264 1015 3345 ignis
1034 3286 1146 3348 prope-

250 3366 376 3429 modum
397 3366 505 3430 euadit.
538 3366 604 3430 Etsi
623 3366 702 3428 enim
724 3371 808 3427 secto
829 3364 929 3445 lapide
948 3372 981 3427 et
1000 3367 1146 3448 quadrato

250 3466 349 3529 omnis
377 3466 473 3531 moles
499 3466 662 3531 fabrefacta
686 3472 781 3544 esset,
809 3484 872 3527 non
899 3472 999 3529 umen
1017 3466 1148 3532 Vulcani

251 3566 399 3631 diritatem
425 3568 575 3632 sustinuit.
617 3566 771 3631 Successit
789 3566 849 3629 hoc
868 3566 1082 3647 amplissimum
1102 3568 1146 3629 ia-

526 3670 530 3675 ,
902 3662 949 3727 5*

1373 591 1375 616 i

1373 731 1375 782 l

1373 787 1374 830 l

1373 1029 1374 1072 l
