3025 4409
332 484 373 547 18
608 477 725 533 Liberi
763 476 949 536 1586-1614.

332 634 432 704 auimo
453 641 542 714 opto,
570 641 660 714 atque
687 633 796 696 ominis
817 633 895 695 band
917 631 986 694 vani
1007 651 1091 711 spem
1117 652 1156 693 ex
1177 633 1236 695 ira·

333 738 388 797 tris
408 735 467 796 mei
484 735 744 797 commendatione
766 743 796 795 et
817 733 928 795 indolis
947 742 1016 795 tuae
1034 733 1145 795 indicio
1160 754 1236 795 con·

333 836 421 915 cipio.
465 835 556 912 Quod
577 836 650 895 citra
666 834 828 911 jactantiae
850 854 971 895 sensum
993 833 1034 894 ob
1054 833 1113 893 viri
1132 834 1164 894 in
1184 854 1235 895 ec-

333 936 425 998 clesio
439 935 496 996 Dei
514 934 693 1014 praestantis
715 936 887 997 memoriam
909 935 1037 995 reticere
1056 952 1119 996 non
1136 933 1235 995 debui.

375 1036 449 1097 Post
469 1033 625 1113 'l'ubiugne
645 1036 797 1111 redditus,
826 1036 882 1097 etsi
903 1035 1006 1115 opima'
1024 1034 1234 1095 sustentandae

333 1134 412 1195 vitae
444 1133 618 1195 conditione
650 1136 801 1211 dejectus,
833 1157 894 1198 non
927 1135 1022 1224 detuit
1052 1144 1150 1195 tamen
1178 1132 1233 1195 sub

334 1235 391 1301 Dei
418 1234 607 1314 providentia
635 1235 800 1297 amicorum
827 1238 928 1311 favor,
955 1237 1007 1317 qni
1028 1237 1157 1296 duorum
1178 1253 1235 1294 no-

333 1334 437 1401 bitum
471 1336 737 1399 Trucbsessiorum
770 1338 808 1397 ab
843 1336 1010 1415 Hoefingen
1047 1335 1170 1397 Henrioi
1206 1341 1237 1394 et

292 1456 295 1462 ’
333 1435 501 1499 Bnrckardi
528 1436 745 1501 institutionem
772 1438 1020 1514 conciliaverant,
1054 1457 1133 1518 quos
1161 1455 1236 1497 avus

333 1536 402 1597 Job.
415 1535 591 1611 Conradus,
614 1538 790 1618 Crespacbii
810 1539 968 1613 Dominum
991 1539 1037 1599 vir
1057 1536 1149 1617 prisci
1169 1556 1236 1597 mo-

334 1635 377 1697 ris
398 1643 428 1697 et
447 1636 609 1713 libertatis,
636 1638 793 1717 'subingae
814 1639 877 1701 suis
898 1639 1024 1701 aedibus
1043 1637 1156 1711 aiebat,
1182 1656 1236 1716 pa-

334 1744 382 1797 ter
401 1736 557 1799 Jcbannes
580 1739 631 1819 qui
652 1739 819 1817 Hoeimgae
841 1737 981 1817 degebat,
1003 1759 1059 1817 per
1079 1736 1238 1799 intervalla

334 1836 467 1911 visebat,
499 1837 636 1901 Andreas
665 1840 817 1901 Osiander
847 1838 1045 1901 cancellarius
1077 1838 1238 1901 autoritate

335 1957 390 2003 suo
411 1937 566 2017 dirigebat.
600 1942 669 2003 Hic:
692 1962 747 2021 per
757 1941 911 2001 biennium
928 1938 1059 2014 substiti,
1078 1940 1161 2001 victu
1172 1948 1236 2001 tau-

333 2044 401 2105 tum
417 2037 533 2118 absque
554 2042 637 2101 omni
658 2041 809 2121 stipendio
830 2048 1007 2115 contentus,
1030 2049 1148 2101 caetera
1167 2039 1238 2101 milri

334 2137 449 2219 absque
470 2139 572 2201 nratris
594 2140 751 2219 impensis,
782 2138 903 2218 ingenio
930 2148 960 2199 et
985 2138 1091 2202 labore
1117 2140 1237 2221 prospi-

335 2237 428 2301 ciens
467 2235 544 2297 Nam
566 2258 584 2299 a
605 2260 667 2321 quo
689 2238 830 2301 maternis
851 2238 976 2299 aedibus
997 2260 1139 2322 egressus
1160 2261 1236 2314 sirm,

335 2343 401 2397 toto
431 2338 584 2400 novennio
616 2360 679 2401 non
711 2339 769 2400 nisi
799 2340 841 2399 50
871 2338 1058 2403 florenorum
1086 2343 1238 2422 impendio

335 2434 410 2497 meis
431 2437 568 2515 constiti,
601 2441 639 2500 de
665 2439 774 2521 quibus
795 2445 902 2518 postea
922 2441 963 2501 20
985 2441 1092 2503 refudi.
1136 2444 1238 2523 itaque

334 2544 502 2627 perandum
527 2543 641 2605 sudore
668 2547 697 2601 et
725 2539 849 2617 vigiliis,
876 2540 931 2602 sed
957 2541 1090 2603 omnium
1111 2543 1239 2607 maxime

335 2646 438 2709 arduis
452 2644 596 2727 precibus
609 2641 678 2719 tuit,
696 2640 779 2721 quod
799 2646 864 2701 erat
878 2660 1013 2716 necesse,
1031 2642 1061 2703 id
1078 2642 1183 2703 nescio
1199 2662 1238 2704 an

336 2748 358 2811 ἥ
372 2746 548 2827 intelligent,
569 2742 679 2825 quibus
694 2761 712 2803 a
725 2741 907 2821 patrimonio
926 2742 1027 2803 omnia
1041 2750 1112 2803 sunt
1126 2751 1238 2822 parata.

377 2849 448 2913 Fuit
468 2844 592 2925 aintem]
612 2848 683 2922 post
697 2841 868 2921 Megaeram
888 2842 919 2903 in
939 2861 988 2903 me
1008 2843 1171 2904 admodum
1186 2841 1240 2902 be

336 2948 455 3015 neticus
479 2945 629 3009 Henricus
653 2942 834 3021 Weilingius
869 2962 908 3005 ex
933 2942 1063 3021 conjuge
1095 2961 1150 3005 sua
1176 2942 1241 3003 Eva

337 3050 492 3115 Moserina
516 3044 630 3119 affinis,
662 3043 714 3123 qui
740 3042 859 3121 singula
885 3041 947 3105 stili
973 3041 1130 3119 exercitia,
1162 3059 1240 3123 quae

338 3149 425 3215 facile
446 3145 649 3219 effundebam,
670 3143 789 3205 floreno
809 3142 945 3219 redemit,
966 3143 1030 3205 sive
1050 3143 1089 3204 iis
1109 3141 1240 3205 delecta·

339 3257 436 3325 retur,
465 3248 530 3311 sive
557 3247 751 3309 misereretur
777 3243 846 3305 mei.
893 3245 991 3322 Hujus
1017 3244 1105 3305 etiam
1131 3261 1240 3323 sugge-

338 3348 437 3415 stione
452 3354 641 3409 oommentus
654 3364 721 3407 sum
738 3344 835 3405 ideam
849 3344 948 3407 bonae
969 3342 1168 3406 institutionis
1182 3341 1240 3404 snb

338 3449 443 3517 emm
461 3446 615 3512 'ibeodosi
640 3443 783 3522 historia,
806 3444 892 3507 libris
918 3444 1038 3507 dnobus
1064 3441 1240 3523 prolixiori-

338 3548 413 3628 bus,
442 3547 631 3623 inventione,
658 3545 690 3607 ni
715 3544 787 3609 mibi
812 3544 965 3621 blandior,
992 3562 1056 3606 noo
1080 3542 1240 3604 invenusta
