3025 4409
478 511 586 565 literae
601 510 625 563 d.
644 510 766 569 llauberi
780 509 993 565 amatoriae.
1144 519 1185 579 79

288 670 460 733 Haubernm
487 668 655 748 incorrupti
678 666 786 745 judicii
812 676 845 729 et
868 668 961 729 mirae
980 668 1184 731 mansuetudi-

288 773 335 833 nis
354 770 540 850 theologam
552 768 784 831 eruditissimum
804 768 974 831 adeundum
994 769 1113 844 censui,
1134 769 1184 830 cui

223 882 230 891 “
288 891 355 932 curn
377 872 478 933 omnia
498 890 564 931 mea
586 888 770 949 exponerem
795 877 825 930 et
850 869 957 930 famam
983 888 1078 930 meam
1099 888 1183 931 com-

288 972 476 1047 mendarem,
511 978 625 1033 tanturn
653 970 739 1031 abest
758 968 977 1049 displicuerim‚
999 976 1034 1031 ut
1052 969 1183 1032 animum

288 1074 376 1133 etiam
396 1074 558 1146 addiderit,
585 1072 672 1149 cujus
699 1054 792 1131 verba
822 1070 905 1149 quod
925 1088 974 1129 me
993 1076 1056 1131 tum
1077 1087 1183 1131 erexe-

288 1173 349 1233 rint
376 1182 514 1253 repetere
535 1172 647 1253 placet,
676 1171 716 1231 ita
743 1170 822 1231 enim
849 1171 879 1231 in
904 1169 999 1231 literis
1020 1177 1091 1249 post
1110 1169 1182 1231 alia:

288 1280 320 1333 tu
349 1273 491 1334 molestas
517 1272 605 1333 anirni
634 1290 722 1331 curas
760 1288 831 1328 vera
865 1270 956 1330 animi
984 1268 1127 1349 patientia
1153 1278 1184 1331 ot

287 1392 412 1451 precum
438 1374 611 1435 assiduitate
638 1370 731 1431 fultus
757 1369 824 1448 spei
848 1371 1025 1433 christianae
1052 1371 1184 1433 anchora

288 1472 412 1533 levabis.
452 1474 518 1553 Ego
545 1473 625 1535 votis
646 1478 735 1551 atque
756 1472 915 1533 conatibus
935 1473 1011 1535 meis
1034 1471 1088 1533 tibi
1107 1472 1183 1534 assi-

288 1581 372 1635 stens
389 1580 440 1634 tua
455 1572 643 1653 promovebo
662 1572 820 1631 commoda
834 1581 977 1652 qnantum
996 1571 1096 1633 divina
1115 1592 1182 1652 gra-

289 1674 330 1733 tia
351 1674 545 1735 concesserit.
580 1673 614 1734 Si
626 1673 721 1733 libelli
734 1673 780 1735 tui
797 1673 1046 1734 obtrectationem
1065 1673 1183 1752 patiun-

288 1782 340 1835 tur
368 1784 419 1835 aut
444 1772 584 1835 iuvidiarn
610 1772 664 1834 tibi
685 1774 832 1847 conflant,
859 1772 889 1832 id
910 1792 968 1833 nec
988 1774 1096 1835 mirum
1125 1794 1183 1837 uec

287 1874 441 1935 insolitum
462 1874 558 1935 videri
580 1874 669 1935 debet
688 1873 770 1946 viro,
796 1873 849 1953 qui
867 1873 971 1933 mundi
990 1892 1092 1936 mores
1112 1894 1182 1953 per-

286 1994 395 2036 versos
423 1974 535 2035 dudum
562 1973 664 2035 habuit
690 1972 876 2052 exploratos.
925 1972 1029 2034 Placet
1054 1974 1125 2036 mibi
1149 1975 1181 2037 in

287 2075 325 2137 iis
353 2074 498 2155 elegantia
525 2073 585 2135 stili
613 2076 825 2137 sententiarum
854 2072 998 2153 gravitate
1023 2081 1054 2135 et
1079 2094 1181 2137 rerum

285 2176 431 2245 varietate
458 2194 588 2237 nervose
614 2183 703 2256 atque
728 2182 886 2236 coarctata.
928 2174 1064 2237 Libertas
1083 2175 1116 2237 iu
1136 2175 1182 2237 di-

286 2277 386 2339 cendo
414 2294 502 2358 quam
523 2296 541 2337 a
562 2276 682 2338 sincero
703 2276 822 2337 virtutis
846 2294 951 2337 amore
980 2281 1012 2336 et
1036 2277 1109 2339 odio
1136 2277 1182 2341 vi·

285 2379 398 2440 tiorum
417 2384 508 2458 atque
535 2377 684 2439 scelerum
709 2376 907 2457 grassantium
923 2377 1008 2454 justo
1028 2377 1183 2457 profluere

284 2498 409 2554 censeo,
424 2496 487 2539 non
507 2477 653 2557 displicet.
683 2478 946 2539 llonoravivirum
961 2478 1057 2541 deme
1069 2478 1183 2558 optime

285 2580 424 2643 meritum
441 2577 494 2653 ⁸¹)
521 2598 588 2641 oum
617 2579 809 2658 Griiuingero
836 2579 1030 2657 syntagmatis
1056 2580 1094 2639 de
1120 2578 1182 2643 Cu-

285 2679 431 2743 riositatis
458 2679 591 2759 pernicie
619 2678 821 2753 dedicatione,
847 2677 900 2759 qui
925 2677 999 2739 obiit
1024 2686 1095 2758 post
1115 2698 1180 2741 om-

285 2783 369 2845 nium
389 2781 541 2843 bonorum
560 2780 645 2843 luctu
674 2783 702 2841 l.
720 2779 847 2841 Octobr.
867 2780 949 2841 162⁰
968 2798 1049 2841 anno
1075 2780 1180 2843 aeteus

283 2884 326 2945 tu
347 2882 379 2943 in
398 2881 505 2943 castris
525 2880 563 2943 ad
582 2882 778 2942 Worrnatiam
797 2879 914 2960 positis.

326 2981 392 3044 Sub
411 2982 441 3043 id
458 2982 602 3062 temporis
618 2981 720 3043 afflare
736 3000 784 3041 me
799 2980 937 3042 favonius
958 2979 1044 3041 visus
1059 2987 1107 3042 est
1126 3000 1179 3045 va·

284 3090 371 3149 caute
392 3082 532 3163 parochia
545 3081 735 3162 Ensingensi‚
758 3101 835 3161 qnae
850 3080 935 3143 5⁰0⁰
956 3080 1095 3159 passibus
1107 3081 1179 3143 Vai-

284 3184 376 3263 binga
397 3183 500 3260 distat,
530 3183 641 3263 optima
669 3188 698 3243 et
718 3182 790 3243 mili
810 3182 965 3245 destinata.
1007 3181 1070 3243 Sed
1090 3202 1178 3262 quera

283 3284 380 3347 invito
401 3283 490 3363 plane
512 3282 695 3347 consistorio
718 3281 886 3345 intervertit
905 3281 1060 3345 lohannes
1080 3280 1178 3344 Setle-

283 3404 339 3447 rus
359 3405 378 3445 a
399 3384 613 3447 secretioribus
628 3382 821 3463 principi⁸²)
840 3390 870 3444 et
882 3391 991 3462 agnato
1002 3380 1178 3443 Eberbardo

283 3483 356 3547 vito
377 3484 480 3547 matris
501 3485 613 3548 meritis
633 3483 813 3559 conciliavit,
835 3485 902 3564 ipso
924 3484 1011 3547 etiarn
1027 3480 1178 3545 consisto

281 3584 331 3648 rio
357 3584 467 3669 insigni
487 3585 667 3650 contumelia
688 3586 809 3660 effecto,
836 3604 895 3667 qua
915 3584 1008 3647 dere
1027 3583 1099 3645 dum
1118 3582 1178 3662 ipsi
