3025 4409
320 516 360 576 54
590 502 673 557 aruer
689 504 720 557 u.
757 502 941 558 loll-1620.

320 666 438 725 lnterea
459 680 476 722 e
497 660 633 741 specula,
656 660 846 742 quantumvis
865 680 964 742 aequo
983 661 1107 737 tardius
1128 648 1215 724 bom-

319 762 637 841 baruaeuisplosione
659 762 748 823 vicini
775 763 973 838 advocantur,
1006 763 1055 822 cui
1076 764 1213 845 Asperga

320 885 428 947 magno
454 865 573 943 fragore
599 864 780 941 respondet,
807 883 843 923 ac
867 882 940 923 mox
967 881 1073 924 omues
1094 884 1214 943 campa-

319 988 376 1029 nae
402 965 524 1043 maj0ris
550 964 653 1042 templi
672 964 863 1025 lamentabile
884 964 957 1045 quid
977 972 1129 1026 resonant.
1172 969 1214 1027 at

314 1068 377 1146 jam
407 1068 523 1127 flamma
556 1064 645 1125 eheu!
688 1064 815 1126 immane
842 1065 1009 1126 invaluerat
1040 1073 1070 1126 et
1099 1067 1222 1127 vicinas-

318 1168 468 1247 utrimque
499 1164 663 1240 invaserat,
695 1165 764 1225 hinc
791 1166 906 1228 Aurelii
937 1166 1083 1245 Rhatgebi
1114 1186 1212 1245 nuper

318 1269 379 1331 vita
399 1267 493 1329 suncti
510 1264 635 1343 judicis,
657 1265 740 1327 illinc
762 1267 915 1328 Michaelis
932 1266 1134 1346 Hemnringeri
1155 1268 1213 1328 viri

319 1368 487 1433 consularis
509 1367 680 1446 splendidas
702 1374 731 1429 et
751 1368 844 1429 multa
863 1370 949 1448 lruge
968 1368 1092 1428 refertas
1112 1369 1212 1443 aedes,

317 1489 391 1551 quas
418 1476 530 1543 tamen,
559 1466 707 1530 siminus
733 1468 796 1529 vini
821 1468 889 1548 plus
911 1468 1026 1529 ordinis
1045 1468 1152 1529 fuisset
1172 1490 1208 1530 ac

319 1590 476 1631 commune
497 1570 639 1631 auxilium
653 1570 845 1644 accessisset,
866 1570 979 1632 servari
992 1568 1129 1648 potuisse
1144 1570 1212 1649 opi-

316 1670 368 1731 nio
395 1677 449 1732 est.
491 1670 650 1732 Caeterum
678 1671 760 1752 quod
786 1670 817 1731 iu
844 1678 927 1732 tauto
953 1670 1093 1730 incendio
1114 1669 1206 1731 rebus

316 1771 379 1833 suis
401 1771 528 1853 quisque
549 1771 720 1833 consultum
739 1770 832 1831 vellet
853 1782 883 1831 et
900 1771 931 1831 iu
948 1768 1141 1849 exportandis
1158 1790 1210 1831 su-

315 1871 515 1951 pellectilibus
542 1872 653 1953 singuli
677 1891 775 1952 prope
797 1878 1032 1952 occuparentur,
1060 1876 1122 1930 turn
1143 1889 1209 1930 mu-

315 1973 504 2034 liercularum
532 1982 561 2034 et
587 1974 716 2036 imbellis
743 1973 848 2034 aetatis
870 1972 1017 2033 clamores
1039 1979 1069 2031 et
1090 1970 1210 2049 diffugia

314 2074 447 2155 undique
467 2075 636 2145 turbarent;
664 2074 858 2150 factumest,
883 2079 917 2134 ut
938 2072 1018 2132 dicto
1043 2070 1129 2131 citius
1151 2070 1209 2131 alia

315 2174 427 2236 circum
452 2174 521 2235 loca
552 2174 662 2235 malum
693 2172 858 2253 occuparit.
912 2172 1025 2234 saeviit
1049 2190 1123 2250 ergo
1144 2171 1207 2248 jam

313 2294 375 2335 non
402 2275 479 2335 inter
508 2276 663 2353 contiguas
690 2280 804 2336 tantum
831 2275 953 2348 domos,
986 2274 1041 2334 sed
1068 2276 1151 2355 quod
1175 2275 1207 2335 in

313 2373 423 2453 angulo
456 2374 494 2434 ad
525 2373 650 2436 duarum
682 2374 845 2455 platearum
880 2373 1122 2435 intersectionem
1160 2375 1206 2436 vis

313 2473 390 2553 ignis
410 2473 586 2553 imperaret,
614 2475 728 2554 plateas
754 2482 954 2554 transgressa,
980 2475 1113 2556 undique
1133 2496 1206 2555 pro-

313 2574 473 2655 pinquiora
493 2574 628 2637 aedificia
649 2576 800 2639 involavit.
842 2574 908 2635 Nec
927 2575 998 2636 satis
1020 2576 1204 2637 miseriarum

313 2675 376 2749 ruit,
398 2674 455 2736 nisi
475 2674 562 2735 etiam
583 2676 709 2739 adversa
730 2678 839 2753 sronte,
859 2676 952 2736 veluti
972 2675 1116 2737 malorum
1133 2698 1204 2737 cen-

309 2781 402 2850 trum,
435 2780 528 2835 totam
560 2775 827 2839 circumferentiam
853 2778 1074 2857 aggrederetur.
1127 2780 1204 2839 'lum

311 2895 403 2953 supra
429 2875 529 2936 omnia
550 2875 679 2939 infelicia
705 2877 814 2940 ventus
835 2878 899 2939 sive
918 2879 1009 2939 turbo
1029 2878 1130 2939 verius
1152 2899 1204 2939 su-

309 2975 372 3037 bito
403 2982 526 3037 exortus
548 2976 713 3040 favillarum
737 2978 832 3040 imbre
860 2979 997 3058 disperso
1018 2978 1114 3058 palam
1135 2980 1204 3040 uni-

308 3094 399 3136 verso
426 3076 540 3156 oppido
567 3076 717 3140 interitum
745 3089 791 3140 est
811 3080 1025 3142 interminatus.
1068 3081 1112 3141 lta
1132 3100 1203 3158 pro-

309 3182 432 3255 perante
454 3177 609 3252 incendio,
631 3178 685 3238 hac
707 3178 874 3241 sebastiani
896 3180 1045 3242 Sieskindi
1066 3181 1202 3259 pharma-

241 3341 243 3345 .
309 3277 449 3357 copolae‚
471 3278 615 3339 Johannis
637 3280 820 3359 Machtolphi
837 3283 897 3357 jam
920 3281 1063 3358 emortui,
1087 3281 1201 3341 Johan-

310 3378 356 3439 nis
377 3376 457 3439 Bulii
484 3378 617 3440 consulis
645 3380 771 3459 ejusque
791 3381 844 3441 filii
866 3383 1052 3460 cognominis
1073 3380 1202 3460 Philippi

310 3479 414 3557 Langii
435 3478 619 3555 consularis,
641 3480 815 3559 Hieronymi
835 3483 957 3554 liechti3
978 3483 1047 3543 illac
1069 3482 1200 3541 llcrren-

308 3577 438 3640 albeusis
469 3580 607 3642 coenobii
628 3582 811 3661 granarium,
838 3583 943 3643 Jacobi
963 3582 1066 3643 Wildii
1088 3582 1199 3641 dudum
