3025 4409
518 467 632 524 Paulum
647 469 781 525 tenuium
801 472 916 541 adjuvat.
1105 477 1165 540 m

269 625 329 688 aiia
349 627 454 687 funera
475 626 537 687 hrit.
571 626 722 706 Nuptialis
743 625 829 688 etiam
853 630 958 690 honae
980 628 1164 694 elisabethae
1293 601 1295 606 Ι

269 748 308 788 ex
338 730 431 788 fratre
457 726 574 788 Jacobo
599 727 682 805 nepti
709 748 777 787 cum
804 729 922 790 Jacobo
949 729 1060 805 Hakio,
1086 751 1163 812 quea

267 837 356 910 patre
382 828 487 889 orbata
512 829 584 889 totis
612 832 651 888 tt
679 827 765 889 aunis
790 827 917 890 familiae
942 850 1025 892 meae
1050 831 1163 896 inserta

266 929 365 990 haesit
386 931 434 990 10.
449 929 591 1005 Octobr,
618 929 754 990 funestus
780 940 880 990 autem
906 930 1026 991 thermis
1048 931 1161 1004 ferinis,

265 1049 348 1110 quae
368 1030 492 1090 fortuito
513 1029 582 1108 igne
602 1031 652 1090 21.
669 1029 765 1107 April.
782 1029 845 1105 jam
861 1030 978 1091 tertium
1000 1049 1161 1111 propemo-

265 1132 340 1192 dum
360 1138 441 1192 totae
461 1131 691 1210 conflagrarunt.
726 1129 833 1190 Aulam
852 1135 984 1191 nostram
997 1131 1164 1193 inviserunt

266 1231 456 1294 Christianus
480 1232 631 1292 Palatinus
662 1233 817 1309 ⁶29.Aug.‚
843 1231 1018 1292 Wilhelmus
1044 1233 1162 1294 Beden-

265 1334 309 1394 sis
330 1335 380 1392 26.
399 1333 476 1406 Jan„
497 1332 716 1392 Maximilianus
736 1331 869 1392 Adamus
890 1332 1162 1412 Leuchtenbergiua

265 1431 863 1511 3.Aug.,RodericusWiirtembergicns
876 1475 945 1506 .....
958 1433 1096 1494 Susanna
1106 1435 1161 1496 Pa·

266 1533 361 1593 latina
381 1535 409 1593 t.
427 1533 521 1611 Sept,
542 1532 716 1593 Friderieus
737 1532 897 1592 hanovius
914 1534 963 1593 15.
973 1531 1061 1614 Aug„
1082 1535 1161 1598 Ulri-

265 1653 321 1694 cus
332 1633 610 1713 Wiirtembergicus
623 1635 672 1694 2⁰.
685 1631 859 1704 Novembr„
877 1637 938 1692 tum
950 1633 1042 1696 duces
1057 1643 1087 1696 et
1107 1636 1160 1696 tri-

267 1733 341 1794 buni
353 1732 473 1793 militiae
483 1735 566 1794 varii.
599 1733 780 1812 scriptionis
796 1732 983 1794 vacationem
993 1733 1063 1794 mihi
1077 1735 1160 1796 inva-

264 1835 373 1896 letudo
393 1821 508 1908 indixit,
529 1854 616 1914 quam
637 1834 831 1912 epistolarum
848 1853 915 1894 cum
926 1833 1063 1913 Augusto
1083 1834 1160 1895 duce

267 1941 299 1995 et
308 1935 386 1994 hero
401 1953 470 1994 meo
483 1933 742 2014 indulgentissimo
761 1933 999 2013 reciprocatione
1016 1953 1160 2014 compen-

268 2035 341 2096 savi.
372 2033 458 2095 Pauli
474 2041 572 2094 hmeu
587 2034 768 2096 Jenischii²⁴
778 2031 809 2108 ⁹)
826 2035 914 2096 senili
931 2035 1029 2096 labori
1039 2034 1160 2096 ultimae

268 2136 347 2214 parti
367 2134 513 2195 Thesauri
532 2134 647 2195 animae
668 2136 715 2197 sci
735 2136 773 2196 17
789 2135 895 2196 abhinc
916 2136 1001 2198 annis
1023 2136 1160 2216 impenso

267 2236 462 2315 tenebrisque
480 2234 595 2310 obsito,
622 2235 722 2298 locem
741 2237 872 2312 contuli,
892 2255 1000 2316 magno
1022 2237 1067 2296 rei
1088 2255 1160 2297 suae

268 2343 413 2417 augustae
429 2336 573 2398 subsidio.
607 2337 685 2398 Suas
702 2357 777 2398 vero
796 2335 1019 2399 lucubrationes
1036 2337 1159 2398 Produx

269 2436 415 2511 Cornelii,
433 2439 471 2497 D.
482 2436 593 2498 Tobias
604 2439 776 2518 Wagnerus
792 2437 900 2498 Nuolei
913 2435 1160 2518 theologici⁸⁸⁰)‚

269 2539 419 2598 hienricus
444 2537 564 2597 Efferen
585 2537 849 2600 Miscellaneorum
876 2536 1160 2614 metricorum²⁵¹);

268 2639 337 2699 Joh.
367 2637 529 2699 Conradus
557 2637 849 2713 Brodbeckius²⁶²)
881 2637 1007 2717 Triphili
1038 2639 1160 2700 theoso-

269 2739 349 2817 phici
365 2739 561 2818 inscriptione
578 2739 648 2799 mihi
665 2739 930 2801 communicarunt.
972 2735 1162 2802 Concessere

270 2839 350 2901 ultro
382 2840 414 2900 in
440 2839 598 2900 amicitiam
624 2839 842 2900 humanissimis
872 2838 966 2900 literis
991 2838 1162 2900 Fridericus

270 2939 387 3002 hietsch
398 2940 430 3000 in
444 2939 653 3001 Reioheubach
670 2951 701 3001 et
711 2939 837 3001 Friesen
849 2939 979 3000 Saxonis
991 2938 1162 3017 septemvir-i

271 3040 461 3103 consiliarius
480 3042 601 3103 intimus
620 3039 834 3114 nobilissimus
857 3045 886 3100 et
908 3039 1057 3119 Georgius
1073 3039 1162 3100 Mun·

270 3140 337 3202 dius
350 3141 429 3218 juris
440 3141 608 3216 consultus,
622 3140 878 3221 procancellarius
889 3142 972 3202 Saxo
981 3138 1162 3219 -Coburgo-

271 3239 448 3303 lamacensis.
470 3240 648 3302 Goabeliani
668 3240 755 3302 etiam
776 3242 920 3304 haeredes
941 3241 1015 3303 cista
1035 3239 1162 3318 scripto·
1283 3314 1284 3318 Ἰ

273 3340 318 3400 ria
337 3341 482 3422 elegantis
502 3341 604 3420 operis
625 3361 681 3402 nec
701 3342 790 3420 pretii
811 3343 911 3422 exigui
932 3349 1073 3422 paternae
1091 3339 1163 3400 ani-

275 3440 360 3504 citiae
375 3443 548 3504 memoriam
566 3441 770 3520 obsignarunt.
804 3443 905 3506 Liceat
922 3441 1091 3505 domesticis
1110 3459 1163 3500 an-

274 3561 344 3604 num
365 3544 515 3617 claudere,
536 3541 697 3604 adrnbsum
717 3543 748 3604 in
761 3543 900 3608 familiam
913 3544 1079 3606 soranum
1089 3540 1163 3604 und.
