3025 4409
428 475 534 531 Novum
552 473 693 544 'tubingae
709 472 863 545 paedagogi
879 487 984 528 monos.
1116 480 1157 543 27

261 640 291 695 et
318 631 516 695 oeconomiae
537 630 735 707 harmoniam,
766 630 921 692 literarum
948 635 979 691 et
997 632 1158 697 aestimans

261 744 291 795 et
317 733 383 813 ipse
411 733 482 795 satis
510 732 634 813 peritus.
685 730 833 794 hlumnus
860 731 972 793 indolis
1000 731 1158 813 elegantia,
1233 805 1235 808 ยน

260 854 378 896 morum
400 834 580 897 amoenitate
602 840 631 895 et
651 831 801 913 obsequio
822 832 911 911 plane
933 831 1082 913 optabilis.
1117 835 1160 897 ht

260 934 291 995 in
312 936 368 997 hac
389 954 455 995 mea
476 934 563 1017 quasi
583 932 722 994 felicitate
743 952 792 993 me
810 933 904 993 febris
920 934 1047 995 tertiana
1062 935 1158 995 corri-

260 1034 327 1113 puit
349 1033 386 1094 ab
408 1054 489 1096 anno
512 1036 601 1096 tout.
625 1053 685 1114 quo
707 1032 836 1113 primum
861 1032 1041 1113 impetierat,
1066 1034 1159 1097 absti-

260 1154 347 1211 nens,
368 1155 404 1196 ac
425 1135 533 1195 iterum
553 1154 663 1197 novem
685 1133 858 1213 septimanis
879 1132 995 1195 duriter
1015 1136 1159 1199 exercuit.

262 1235 297 1295 ln
318 1255 443 1297 accessu
464 1235 562 1297 morbi
582 1234 699 1296 lethalis
719 1235 891 1311 videbatur,
918 1235 972 1296 sed
1000 1256 1074 1298 cura
1095 1258 1159 1299 me-

262 1335 320 1395 dici
332 1336 556 1424 Wimpenensis
567 1336 695 1416 Ziegleri
707 1337 846 1412 cohibita,
860 1336 961 1398 mitius
973 1336 1084 1400 habuit.
1110 1339 1161 1399 ln-

262 1436 378 1499 visebat
398 1436 524 1499 subinde
540 1436 730 1517 languentem
745 1457 784 1499 ex
800 1437 904 1499 eadem
915 1436 1026 1499 vicinia
1039 1437 1159 1501 Johann

263 1536 416 1599 Erhardus
438 1536 554 1601 Cellius
574 1538 636 1599 loci
656 1544 778 1618 pastor,
806 1537 903 1598 exacti
924 1537 1030 1615 judicii
1058 1545 1089 1599 et
1111 1560 1160 1601 ra-

263 1637 399 1699 rissimae
419 1638 595 1699 eruditionis
615 1660 683 1701 cum
704 1658 811 1718 magna
826 1638 967 1699 civilitate
981 1641 1161 1717 conjunctae

264 1739 439 1819 theologus,
466 1746 537 1819 post
556 1740 724 1821 Esslingam
745 1737 922 1815 translatus,
950 1758 1018 1799 cum
1044 1760 1107 1820 quo
1127 1750 1162 1804 ut

264 1846 342 1916 ante,
365 1840 405 1901 ita
427 1846 456 1901 et
477 1850 547 1919 post
566 1847 648 1901 arcta
669 1837 851 1900 familiaritas
871 1845 901 1899 et
919 1857 1071 1920 nunquam
1091 1842 1161 1905 abs-

265 1959 325 2020 que
350 1960 408 2001 usu
434 1943 625 2003 conversatio
646 1940 710 2003 tuit.
754 1940 830 1999 Cum
851 1945 966 1999 mutare
986 1943 1087 1999 aerem
1108 1962 1160 2002 va-

145 2034 146 2063 l
263 2038 390 2101 letudini
406 2042 544 2103 conterre
560 2042 723 2117 videretur,
743 2046 890 2121 patronus
908 2037 1018 2117 insigni
1035 2039 1162 2103 donario

266 2148 404 2203 ornatum
426 2141 591 2222 Tubiugam
610 2141 777 2221 praemisit,
803 2139 874 2201 dum
894 2138 974 2201 tilius
995 2139 1161 2224 subseque-

266 2248 360 2301 retur.
410 2240 577 2305 Convictus
605 2247 635 2303 et
662 2241 803 2304 habitatio
831 2260 897 2301 mea
917 2241 1111 2322 suggestione
1133 2249 1164 2307 et

264 2342 387 2421 patroni
406 2362 559 2405 consensu
579 2343 659 2423 apud
677 2342 914 2403 Hatenretierum
935 2340 1110 2422 eligebatur,
1133 2352 1164 2407 et

266 2442 365 2521 ipsum
386 2443 545 2505 admodum
567 2443 732 2522 auspicato.
763 2442 836 2505 Non
849 2440 928 2504 enim
945 2442 1163 2521 convictorum,

267 2564 308 2605 ex
329 2544 437 2625 quibus
459 2551 601 2627 quaestus
623 2544 785 2625 quaeritur,
807 2545 861 2607 sed
882 2544 1013 2605 filiorum
1034 2549 1065 2603 et
1079 2545 1163 2605 tami-

265 2644 384 2707 liarium
404 2646 475 2707 loco
495 2645 692 2721 habebamur,
714 2664 783 2706 cum
803 2643 981 2705 nemoalius
993 2643 1165 2707 admittere-

266 2752 327 2807 tur.
370 2747 432 2809 Sed
453 2746 539 2809 etiam
559 2766 678 2827 equum,
698 2744 750 2826 qui
769 2763 817 2805 me
836 2762 874 2805 ex
887 2742 993 2810 Galliis
1007 2745 1163 2823 extulerat,

267 2851 416 2928 patronus
444 2848 517 2910 aluit
542 2848 612 2911 dum
632 2847 832 2920 venderetur,
857 2842 992 2924 nihilque
1012 2863 1075 2907 non
1094 2847 1167 2911 fecit

267 2946 353 3027 quod
377 2948 456 3009 vitae
480 2968 589 3011 munus
616 2948 687 3009 mihi
706 2944 897 3009 commodum
915 2944 1065 3007 redderet.
1106 2949 1165 3011 Pa-

268 3047 439 3109 ciscebatur
460 3049 547 3111 etiam
567 3069 694 3125 mecum,
714 3054 748 3110 ut
767 3066 825 3127 pro
846 3045 893 3121 iis,
914 3064 991 3127 quae
1012 3053 1097 3109 extm
1118 3050 1163 3111 di-

145 3166 146 3237 g
268 3167 405 3209 mensum
432 3148 667 3225 insumerentur,
694 3148 840 3211 thalerum
859 3146 1062 3209 hebdomatim
1085 3151 1164 3213 acci-

267 3268 382 3329 perem.
424 3249 510 3325 Quae
531 3267 581 3309 res
601 3248 721 3331 utrique
742 3248 869 3329 profuit,
895 3268 964 3309 nam
985 3256 1015 3310 et
1033 3269 1093 3313 nos
1114 3271 1165 3313 or-

269 3349 389 3411 dinario
410 3348 479 3410 cibo
499 3355 634 3431 potuque
655 3351 875 3430 propemodum
891 3348 1165 3431 acquiescebamus,

268 3469 471 3532 nummosque
495 3449 573 3511 lucri
599 3448 759 3528 faciebam,
786 3457 816 3512 et
843 3451 909 3531 ipse
935 3452 995 3513 hoc
1013 3450 1166 3531 impendio

269 3559 406 3615 nostram
424 3550 617 3615 sobrietatem
627 3550 822 3617 hbentissime
832 3551 1006 3615 redimebat.
1032 3552 1166 3616 Tandem
