<?xml version="1.0" encoding="UTF-8"?>
<!DOCTYPE html PUBLIC "-//W3C//DTD XHTML 1.0 Transitional//EN"
    "http://www.w3.org/TR/xhtml1/DTD/xhtml1-transitional.dtd">
<html xmlns="http://www.w3.org/1999/xhtml" xml:lang="en" lang="en">
 <head>
  <title>
</title>
<meta http-equiv="Content-Type" content="text/html;charset=utf-8" />
  <meta name='ocr-system' content='tesseract 3.04.00' />
  <meta name='ocr-capabilities' content='ocr_page ocr_carea ocr_par ocr_line ocrx_word'/>
</head>
<body>
  <div class='ocr_page' id='page_1' title='image "./ioannisvalentin00andrgoog_0138.png"; bbox 0 0 3025 4409; ppageno 0'>
   <div class='ocr_carea' id='block_1_1' title="bbox 346 449 966 563">
    <p class='ocr_par' dir='ltr' id='par_1_1' title="bbox 346 449 966 563">
     <span class='ocr_line' id='line_1_1' title="bbox 346 449 966 563; baseline -0.002 -14"><span class='ocrx_word' id='word_1_1' title='bbox 346 503 406 563; x_wconf 75' lang='lat'><strong>128</strong></span> <span class='ocrx_word' id='word_1_2' title='bbox 610 449 693 549; x_wconf 87' lang='lat' dir='ltr'><strong>Liber</strong></span> <span class='ocrx_word' id='word_1_3' title='bbox 707 495 750 549; x_wconf 86' lang='lat' dir='ltr'><strong>lv.</strong></span> <span class='ocrx_word' id='word_1_4' title='bbox 786 495 966 550; x_wconf 79' lang='lat'>1630-1639.</span> 
     </span>
    </p>
   </div>
   <div class='ocr_carea' id='block_1_2' title="bbox 343 652 1233 833">
    <p class='ocr_par' dir='ltr' id='par_1_2' title="bbox 343 652 1233 833">
     <span class='ocr_line' id='line_1_2' title="bbox 344 652 1233 733; baseline 0 -20"><span class='ocrx_word' id='word_1_5' title='bbox 344 654 414 714; x_wconf 86' lang='lat' dir='ltr'><strong>mibi</strong></span> <span class='ocrx_word' id='word_1_6' title='bbox 432 653 527 714; x_wconf 85' lang='lat' dir='ltr'><strong>iactus</strong></span> <span class='ocrx_word' id='word_1_7' title='bbox 549 661 579 713; x_wconf 89' lang='lat' dir='ltr'><strong>et</strong></span> <span class='ocrx_word' id='word_1_8' title='bbox 603 654 655 733; x_wconf 89' lang='lat' dir='ltr'><strong>qui</strong></span> <span class='ocrx_word' id='word_1_9' title='bbox 676 655 740 714; x_wconf 88' lang='lat' dir='ltr'><strong>scio</strong></span> <span class='ocrx_word' id='word_1_10' title='bbox 761 673 860 714; x_wconf 92' lang='lat' dir='ltr'><strong>annon</strong></span> <span class='ocrx_word' id='word_1_11' title='bbox 881 652 1128 732; x_wconf 78' lang='lat' dir='ltr'><strong>peregrinationis</strong></span> <span class='ocrx_word' id='word_1_12' title='bbox 1148 671 1233 713; x_wconf 89' lang='lat' dir='ltr'><strong>meae</strong></span> 
     </span>
     <span class='ocr_line' id='line_1_3' title="bbox 343 753 1231 833; baseline 0.001 -20"><span class='ocrx_word' id='word_1_13' title='bbox 343 754 506 814; x_wconf 88' lang='lat' dir='ltr'><strong>terminalis</strong></span> <span class='ocrx_word' id='word_1_14' title='bbox 526 753 652 814; x_wconf 86' lang='lat' dir='ltr'><strong>futurus.</strong></span> <span class='ocrx_word' id='word_1_15' title='bbox 691 753 787 831; x_wconf 83' lang='lat' dir='ltr'><strong>Cujus</strong></span> <span class='ocrx_word' id='word_1_16' title='bbox 808 754 993 833; x_wconf 82' lang='lat' dir='ltr'><strong>praeludium</strong></span> <span class='ocrx_word' id='word_1_17' title='bbox 1015 761 1077 814; x_wconf 90' lang='lat' dir='ltr'><strong>erat</strong></span> <span class='ocrx_word' id='word_1_18' title='bbox 1098 754 1231 815; x_wconf 81' lang='lat' dir='ltr'><strong>simultas</strong></span> 
     </span>
    </p>
   </div>
   <div class='ocr_carea' id='block_1_3' title="bbox 344 855 1258 935">
    <p class='ocr_par' dir='ltr' id='par_1_3' title="bbox 344 855 1258 935">
     <span class='ocr_line' id='line_1_4' title="bbox 344 855 1258 935; baseline 0.001 -21"><span class='ocrx_word' id='word_1_19' title='bbox 344 875 410 915; x_wconf 89' lang='lat' dir='ltr'><strong>cnm</strong></span> <span class='ocrx_word' id='word_1_20' title='bbox 434 855 586 934; x_wconf 85' lang='lat' dir='ltr'><strong>praelecto</strong></span> <span class='ocrx_word' id='word_1_21' title='bbox 609 856 671 930; x_wconf 82' lang='lat' dir='ltr'><strong>jam</strong></span> <span class='ocrx_word' id='word_1_22' title='bbox 698 862 766 914; x_wconf 90' lang='lat' dir='ltr'><strong>ante</strong></span> <span class='ocrx_word' id='word_1_23' title='bbox 793 855 912 935; x_wconf 88' lang='lat' dir='ltr'><strong>quidem</strong></span> <span class='ocrx_word' id='word_1_24' title='bbox 937 855 1025 916; x_wconf 92' lang='lat' dir='ltr'><strong>tacite</strong></span> <span class='ocrx_word' id='word_1_25' title='bbox 1045 855 1082 914; x_wconf 90' lang='lat' dir='ltr'><strong>ab</strong></span> <span class='ocrx_word' id='word_1_26' title='bbox 1105 873 1142 915; x_wconf 94' lang='lat' dir='ltr'><strong>eo</strong></span> <span class='ocrx_word' id='word_1_27' title='bbox 1163 874 1231 915; x_wconf 90' lang='lat' dir='ltr'><strong>sus·</strong></span> <span class='ocrx_word' id='word_1_28' title='bbox 1254 901 1258 906; x_wconf 74' lang='grc'><strong>.</strong></span> 
     </span>
    </p>
   </div>
   <div class='ocr_carea' id='block_1_4' title="bbox 309 955 1230 3440">
    <p class='ocr_par' dir='ltr' id='par_1_4' title="bbox 309 955 1230 3440">
     <span class='ocr_line' id='line_1_5' title="bbox 343 955 1230 1035; baseline 0 -19"><span class='ocrx_word' id='word_1_29' title='bbox 343 964 437 1035; x_wconf 85' lang='lat' dir='ltr'><strong>cepta,</strong></span> <span class='ocrx_word' id='word_1_30' title='bbox 459 975 494 1015; x_wconf 89' lang='lat' dir='ltr'><strong>ac</strong></span> <span class='ocrx_word' id='word_1_31' title='bbox 514 974 594 1014; x_wconf 88' lang='lat' dir='ltr'><strong>nnnc</strong></span> <span class='ocrx_word' id='word_1_32' title='bbox 616 956 733 1016; x_wconf 88' lang='lat' dir='ltr'><strong>demum</strong></span> <span class='ocrx_word' id='word_1_33' title='bbox 752 955 784 1014; x_wconf 94' lang='lat' dir='ltr'><strong>in</strong></span> <span class='ocrx_word' id='word_1_34' title='bbox 805 975 930 1016; x_wconf 86' lang='lat' dir='ltr'><strong>nervum</strong></span> <span class='ocrx_word' id='word_1_35' title='bbox 951 975 1119 1034; x_wconf 80' lang='lat' dir='ltr'><strong>erumpens,</strong></span> <span class='ocrx_word' id='word_1_36' title='bbox 1150 955 1230 1016; x_wconf 86' lang='lat' dir='ltr'><strong>Can-</strong></span> 
     </span>
     <span class='ocr_line' id='line_1_6' title="bbox 342 1055 1230 1136; baseline -0.003 -17"><span class='ocrx_word' id='word_1_37' title='bbox 342 1077 405 1119; x_wconf 89' lang='lat' dir='ltr'><strong>sam</strong></span> <span class='ocrx_word' id='word_1_38' title='bbox 431 1057 566 1131; x_wconf 81' lang='lat' dir='ltr'><strong>dederat,</strong></span> <span class='ocrx_word' id='word_1_39' title='bbox 600 1057 682 1136; x_wconf 92' lang='lat' dir='ltr'><strong>quod</strong></span> <span class='ocrx_word' id='word_1_40' title='bbox 710 1077 779 1117; x_wconf 89' lang='lat' dir='ltr'><strong>curn</strong></span> <span class='ocrx_word' id='word_1_41' title='bbox 808 1075 864 1135; x_wconf 83' lang='lat' dir='ltr'><strong>ego</strong></span> <span class='ocrx_word' id='word_1_42' title='bbox 890 1055 1032 1116; x_wconf 87' lang='lat' dir='ltr'><strong>strictiori</strong></span> <span class='ocrx_word' id='word_1_43' title='bbox 1057 1055 1230 1134; x_wconf 89' lang='lat' dir='ltr'><strong>disciplinae</strong></span> 
     </span>
     <span class='ocr_line' id='line_1_7' title="bbox 342 1155 1229 1233; baseline -0.003 -15"><span class='ocrx_word' id='word_1_44' title='bbox 342 1158 499 1218; x_wconf 89' lang='lat' dir='ltr'><strong>ecclesiam</strong></span> <span class='ocrx_word' id='word_1_45' title='bbox 524 1177 617 1216; x_wconf 91' lang='lat' dir='ltr'><strong>meam</strong></span> <span class='ocrx_word' id='word_1_46' title='bbox 638 1177 699 1217; x_wconf 90' lang='lat' dir='ltr'><strong>non</strong></span> <span class='ocrx_word' id='word_1_47' title='bbox 721 1159 786 1218; x_wconf 89' lang='lat' dir='ltr'><strong>sine</strong></span> <span class='ocrx_word' id='word_1_48' title='bbox 814 1159 940 1233; x_wconf 88' lang='lat' dir='ltr'><strong>sudore,</strong></span> <span class='ocrx_word' id='word_1_49' title='bbox 968 1157 1021 1217; x_wconf 93' lang='lat' dir='ltr'><strong>sed</strong></span> <span class='ocrx_word' id='word_1_50' title='bbox 1049 1163 1078 1215; x_wconf 90' lang='lat' dir='ltr'><strong>et</strong></span> <span class='ocrx_word' id='word_1_51' title='bbox 1098 1155 1229 1232; x_wconf 82' lang='lat' dir='ltr'><strong>juvanti-</strong></span> 
     </span>
     <span class='ocr_line' id='line_1_8' title="bbox 340 1256 1229 1338; baseline -0.003 -20"><span class='ocrx_word' id='word_1_52' title='bbox 340 1260 397 1319; x_wconf 89' lang='lat' dir='ltr'><strong>bus</strong></span> <span class='ocrx_word' id='word_1_53' title='bbox 417 1258 506 1319; x_wconf 90' lang='lat' dir='ltr'><strong>bonis</strong></span> <span class='ocrx_word' id='word_1_54' title='bbox 524 1257 693 1338; x_wconf 89' lang='lat' dir='ltr'><strong>quibusque</strong></span> <span class='ocrx_word' id='word_1_55' title='bbox 709 1259 771 1335; x_wconf 89' lang='lat' dir='ltr'><strong>jam</strong></span> <span class='ocrx_word' id='word_1_56' title='bbox 787 1258 837 1316; x_wconf 89' lang='lat' dir='ltr'><strong>diu</strong></span> <span class='ocrx_word' id='word_1_57' title='bbox 849 1256 1082 1330; x_wconf 83' lang='lat' dir='ltr'><strong>assuefecissem,</strong></span> <span class='ocrx_word' id='word_1_58' title='bbox 1105 1273 1160 1316; x_wconf 91' lang='lat' dir='ltr'><strong>nec</strong></span> <span class='ocrx_word' id='word_1_59' title='bbox 1181 1273 1229 1315; x_wconf 89' lang='lat' dir='ltr'><strong>re-</strong></span> 
     </span>
     <span class='ocr_line' id='line_1_9' title="bbox 340 1357 1228 1438; baseline -0.002 -20"><span class='ocrx_word' id='word_1_60' title='bbox 340 1358 510 1418; x_wconf 88' lang='lat' dir='ltr'><strong>mittendam</strong></span> <span class='ocrx_word' id='word_1_61' title='bbox 531 1378 596 1418; x_wconf 90' lang='lat' dir='ltr'><strong>eam</strong></span> <span class='ocrx_word' id='word_1_62' title='bbox 616 1359 674 1419; x_wconf 91' lang='lat' dir='ltr'><strong>boc</strong></span> <span class='ocrx_word' id='word_1_63' title='bbox 694 1359 832 1438; x_wconf 86' lang='lat' dir='ltr'><strong>ambiguo</strong></span> <span class='ocrx_word' id='word_1_64' title='bbox 851 1365 985 1435; x_wconf 88' lang='lat' dir='ltr'><strong>tempore</strong></span> <span class='ocrx_word' id='word_1_65' title='bbox 1008 1357 1228 1430; x_wconf 77' lang='lat' dir='ltr'><strong>contenderem,</strong></span> 
     </span>
     <span class='ocr_line' id='line_1_10' title="bbox 335 1457 1228 1536; baseline -0.003 -17"><span class='ocrx_word' id='word_1_66' title='bbox 335 1461 485 1536; x_wconf 89' lang='lat' dir='ltr'><strong>juvencus</strong></span> <span class='ocrx_word' id='word_1_67' title='bbox 506 1458 557 1518; x_wconf 89' lang='lat' dir='ltr'><strong>ille</strong></span> <span class='ocrx_word' id='word_1_68' title='bbox 578 1472 609 1520; x_wconf 88' lang='lat' dir='ltr'><strong>et</strong></span> <span class='ocrx_word' id='word_1_69' title='bbox 629 1459 790 1520; x_wconf 89' lang='lat' dir='ltr'><strong>severioris</strong></span> <span class='ocrx_word' id='word_1_70' title='bbox 810 1458 888 1518; x_wconf 88' lang='lat' dir='ltr'><strong>vitae</strong></span> <span class='ocrx_word' id='word_1_71' title='bbox 909 1457 1063 1536; x_wconf 85' lang='lat' dir='ltr'><strong>impatiens</strong></span> <span class='ocrx_word' id='word_1_72' title='bbox 1084 1465 1113 1516; x_wconf 90' lang='lat' dir='ltr'><strong>ct</strong></span> <span class='ocrx_word' id='word_1_73' title='bbox 1127 1475 1228 1516; x_wconf 86' lang='lat' dir='ltr'><strong>exem-</strong></span> 
     </span>
     <span class='ocr_line' id='line_1_11' title="bbox 340 1557 1228 1638; baseline -0.003 -19"><span class='ocrx_word' id='word_1_74' title='bbox 340 1559 398 1638; x_wconf 89' lang='lat' dir='ltr'><strong>plis</strong></span> <span class='ocrx_word' id='word_1_75' title='bbox 418 1559 543 1620; x_wconf 89' lang='lat' dir='ltr'><strong>aliorum</strong></span> <span class='ocrx_word' id='word_1_76' title='bbox 566 1558 709 1634; x_wconf 88' lang='lat' dir='ltr'><strong>munitus,</strong></span> <span class='ocrx_word' id='word_1_77' title='bbox 736 1559 838 1619; x_wconf 86' lang='lat' dir='ltr'><strong>laxare</strong></span> <span class='ocrx_word' id='word_1_78' title='bbox 860 1558 917 1617; x_wconf 89' lang='lat' dir='ltr'><strong>hoc</strong></span> <span class='ocrx_word' id='word_1_79' title='bbox 932 1557 1039 1634; x_wconf 84' lang='lat' dir='ltr'><strong>jugum</strong></span> <span class='ocrx_word' id='word_1_80' title='bbox 1059 1557 1155 1636; x_wconf 89' lang='lat' dir='ltr'><strong>palam</strong></span> <span class='ocrx_word' id='word_1_81' title='bbox 1177 1577 1228 1617; x_wconf 89' lang='lat' dir='ltr'><strong>ca·</strong></span> 
     </span>
     <span class='ocr_line' id='line_1_12' title="bbox 339 1657 1227 1739; baseline -0.002 -20"><span class='ocrx_word' id='word_1_82' title='bbox 339 1659 391 1739; x_wconf 92' lang='lat' dir='ltr'><strong>pit,</strong></span> <span class='ocrx_word' id='word_1_83' title='bbox 408 1679 469 1720; x_wconf 91' lang='lat' dir='ltr'><strong>non</strong></span> <span class='ocrx_word' id='word_1_84' title='bbox 487 1667 547 1718; x_wconf 85' lang='lat' dir='ltr'><strong>tam</strong></span> <span class='ocrx_word' id='word_1_85' title='bbox 565 1659 738 1738; x_wconf 80' lang='lat' dir='ltr'><strong>impunitate</strong></span> <span class='ocrx_word' id='word_1_86' title='bbox 753 1658 871 1738; x_wconf 83' lang='lat' dir='ltr'><strong>flagitiis</strong></span> <span class='ocrx_word' id='word_1_87' title='bbox 887 1657 962 1733; x_wconf 87' lang='lat' dir='ltr'><strong>data,</strong></span> <span class='ocrx_word' id='word_1_88' title='bbox 980 1675 1066 1738; x_wconf 86' lang='lat' dir='ltr'><strong>quarn</strong></span> <span class='ocrx_word' id='word_1_89' title='bbox 1085 1657 1227 1718; x_wconf 90' lang='lat' dir='ltr'><strong>societate</strong></span> 
     </span>
     <span class='ocr_line' id='line_1_13' title="bbox 338 1759 1225 1840; baseline -0.006 -19"><span class='ocrx_word' id='word_1_90' title='bbox 338 1760 503 1834; x_wconf 88' lang='lat' dir='ltr'><strong>roboratis,</strong></span> <span class='ocrx_word' id='word_1_91' title='bbox 525 1760 602 1818; x_wconf 88' lang='lat' dir='ltr'><strong>haud</strong></span> <span class='ocrx_word' id='word_1_92' title='bbox 623 1760 721 1822; x_wconf 89' lang='lat' dir='ltr'><strong>invitis</strong></span> <span class='ocrx_word' id='word_1_93' title='bbox 743 1759 920 1840; x_wconf 87' lang='lat' dir='ltr'><strong>quibusdam</strong></span> <span class='ocrx_word' id='word_1_94' title='bbox 941 1759 1071 1835; x_wconf 79' lang='lat' dir='ltr'><strong>civiboS,</strong></span> <span class='ocrx_word' id='word_1_95' title='bbox 1097 1775 1225 1838; x_wconf 91' lang='lat' dir='ltr'><strong>quorum</strong></span> 
     </span>
     <span class='ocr_line' id='line_1_14' title="bbox 338 1858 1226 1940; baseline -0.002 -20"><span class='ocrx_word' id='word_1_96' title='bbox 338 1861 476 1922; x_wconf 79' lang='lat' dir='ltr'><strong>familiam</strong></span> <span class='ocrx_word' id='word_1_97' title='bbox 491 1859 720 1922; x_wconf 82' lang='lat' dir='ltr'><strong>Cbaerobansus</strong></span> <span class='ocrx_word' id='word_1_98' title='bbox 732 1861 739 1892; x_wconf 87' lang='lat'>¹</span> <span class='ocrx_word' id='word_1_99' title='bbox 752 1858 802 1936; x_wconf 79' lang='lat'><strong>³³)</strong></span> <span class='ocrx_word' id='word_1_100' title='bbox 818 1860 935 1940; x_wconf 87' lang='lat' dir='ltr'><strong>quidam</strong></span> <span class='ocrx_word' id='word_1_101' title='bbox 957 1859 1092 1934; x_wconf 87' lang='lat' dir='ltr'><strong>ducebat,</strong></span> <span class='ocrx_word' id='word_1_102' title='bbox 1114 1858 1226 1919; x_wconf 91' lang='lat' dir='ltr'><strong>dudum</strong></span> 
     </span>
     <span class='ocr_line' id='line_1_15' title="bbox 337 1958 1226 2039; baseline -0.003 -18"><span class='ocrx_word' id='word_1_103' title='bbox 337 1963 529 2023; x_wconf 86' lang='lat' dir='ltr'><strong>factiosorum</strong></span> <span class='ocrx_word' id='word_1_104' title='bbox 549 1961 690 2039; x_wconf 90' lang='lat' dir='ltr'><strong>princeps</strong></span> <span class='ocrx_word' id='word_1_105' title='bbox 709 1969 739 2021; x_wconf 89' lang='lat' dir='ltr'><strong>et</strong></span> <span class='ocrx_word' id='word_1_106' title='bbox 759 1968 910 2020; x_wconf 90' lang='lat' dir='ltr'><strong>rectorum</strong></span> <span class='ocrx_word' id='word_1_107' title='bbox 930 1959 1124 2020; x_wconf 91' lang='lat' dir='ltr'><strong>consiliorum</strong></span> <span class='ocrx_word' id='word_1_108' title='bbox 1146 1958 1226 2018; x_wconf 88' lang='lat' dir='ltr'><strong>obex</strong></span> 
     </span>
     <span class='ocr_line' id='line_1_16' title="bbox 335 2059 1224 2142; baseline -0.006 -17"><span class='ocrx_word' id='word_1_109' title='bbox 335 2071 508 2142; x_wconf 89' lang='lat' dir='ltr'><strong>perpetuus,</strong></span> <span class='ocrx_word' id='word_1_110' title='bbox 531 2061 570 2121; x_wconf 94' lang='lat' dir='ltr'><strong>ob</strong></span> <span class='ocrx_word' id='word_1_111' title='bbox 584 2063 615 2122; x_wconf 96' lang='lat' dir='ltr'><strong>id</strong></span> <span class='ocrx_word' id='word_1_112' title='bbox 631 2063 727 2138; x_wconf 86' lang='lat' dir='ltr'><strong>major</strong></span> <span class='ocrx_word' id='word_1_113' title='bbox 737 2061 862 2135; x_wconf 75' lang='lat' dir='ltr'><strong>habitae,</strong></span> <span class='ocrx_word' id='word_1_114' title='bbox 885 2059 967 2141; x_wconf 90' lang='lat' dir='ltr'><strong>quod</strong></span> <span class='ocrx_word' id='word_1_115' title='bbox 981 2059 1126 2120; x_wconf 87' lang='lat' dir='ltr'><strong>ecclesiae</strong></span> <span class='ocrx_word' id='word_1_116' title='bbox 1138 2059 1224 2120; x_wconf 81' lang='lat' dir='ltr'><strong>freno</strong></span> 
     </span>
     <span class='ocr_line' id='line_1_17' title="bbox 336 2159 1224 2240; baseline -0.006 -15"><span class='ocrx_word' id='word_1_117' title='bbox 336 2183 453 2225; x_wconf 89' lang='lat' dir='ltr'><strong>manum</strong></span> <span class='ocrx_word' id='word_1_118' title='bbox 474 2163 632 2240; x_wconf 87' lang='lat' dir='ltr'><strong>injecisset.</strong></span> <span class='ocrx_word' id='word_1_119' title='bbox 674 2161 751 2221; x_wconf 88' lang='lat' dir='ltr'><strong>Hinc</strong></span> <span class='ocrx_word' id='word_1_120' title='bbox 771 2161 907 2222; x_wconf 89' lang='lat' dir='ltr'><strong>diversus</strong></span> <span class='ocrx_word' id='word_1_121' title='bbox 927 2159 1015 2222; x_wconf 90' lang='lat' dir='ltr'><strong>nobis</strong></span> <span class='ocrx_word' id='word_1_122' title='bbox 1035 2159 1134 2237; x_wconf 88' lang='lat' dir='ltr'><strong>labor,</strong></span> <span class='ocrx_word' id='word_1_123' title='bbox 1161 2159 1224 2220; x_wconf 91' lang='lat' dir='ltr'><strong>sive</strong></span> 
     </span>
     <span class='ocr_line' id='line_1_18' title="bbox 336 2259 1223 2338; baseline -0.006 -13"><span class='ocrx_word' id='word_1_124' title='bbox 336 2266 436 2325; x_wconf 91' lang='lat' dir='ltr'><strong>verius</strong></span> <span class='ocrx_word' id='word_1_125' title='bbox 456 2265 545 2338; x_wconf 88' lang='lat' dir='ltr'><strong>lucta,</strong></span> <span class='ocrx_word' id='word_1_126' title='bbox 567 2263 637 2323; x_wconf 82' lang='lat' dir='ltr'><strong>milri</strong></span> <span class='ocrx_word' id='word_1_127' title='bbox 657 2262 806 2322; x_wconf 82' lang='lat' dir='ltr'><strong>licentiam</strong></span> <span class='ocrx_word' id='word_1_128' title='bbox 827 2268 857 2321; x_wconf 90' lang='lat' dir='ltr'><strong>et</strong></span> <span class='ocrx_word' id='word_1_129' title='bbox 878 2261 1104 2322; x_wconf 91' lang='lat' dir='ltr'><strong>dissolutionem</strong></span> <span class='ocrx_word' id='word_1_130' title='bbox 1124 2259 1223 2321; x_wconf 84' lang='lat' dir='ltr'><strong>alieno</strong></span> 
     </span>
     <span class='ocr_line' id='line_1_19' title="bbox 335 2360 1222 2440; baseline -0.001 -16"><span class='ocrx_word' id='word_1_131' title='bbox 335 2365 461 2424; x_wconf 82' lang='lat' dir='ltr'><strong>maxime</strong></span> <span class='ocrx_word' id='word_1_132' title='bbox 473 2370 609 2440; x_wconf 90' lang='lat' dir='ltr'><strong>tempore</strong></span> <span class='ocrx_word' id='word_1_133' title='bbox 623 2362 788 2440; x_wconf 81' lang='lat' dir='ltr'><strong>increpanti</strong></span> <span class='ocrx_word' id='word_1_134' title='bbox 806 2368 836 2422; x_wconf 91' lang='lat' dir='ltr'><strong>et</strong></span> <span class='ocrx_word' id='word_1_135' title='bbox 857 2360 1064 2440; x_wconf 87' lang='lat' dir='ltr'><strong>exprobranti;</strong></span> <span class='ocrx_word' id='word_1_136' title='bbox 1086 2361 1130 2422; x_wconf 93' lang='lat' dir='ltr'><strong>illi</strong></span> <span class='ocrx_word' id='word_1_137' title='bbox 1150 2362 1222 2423; x_wconf 89' lang='lat' dir='ltr'><strong>cho-</strong></span> 
     </span>
     <span class='ocr_line' id='line_1_20' title="bbox 335 2461 1222 2540; baseline -0.002 -16"><span class='ocrx_word' id='word_1_138' title='bbox 335 2483 402 2524; x_wconf 86' lang='lat' dir='ltr'><strong>reas</strong></span> <span class='ocrx_word' id='word_1_139' title='bbox 429 2470 460 2522; x_wconf 93' lang='lat' dir='ltr'><strong>et</strong></span> <span class='ocrx_word' id='word_1_140' title='bbox 486 2462 616 2539; x_wconf 87' lang='lat' dir='ltr'><strong>tripudia</strong></span> <span class='ocrx_word' id='word_1_141' title='bbox 641 2463 776 2537; x_wconf 90' lang='lat' dir='ltr'><strong>ducenti,</strong></span> <span class='ocrx_word' id='word_1_142' title='bbox 803 2461 1065 2522; x_wconf 87' lang='lat' dir='ltr'><strong>commessationes</strong></span> <span class='ocrx_word' id='word_1_143' title='bbox 1092 2462 1123 2521; x_wconf 91' lang='lat' dir='ltr'><strong>in</strong></span> <span class='ocrx_word' id='word_1_144' title='bbox 1149 2481 1222 2540; x_wconf 90' lang='lat' dir='ltr'><strong>pro-</strong></span> 
     </span>
     <span class='ocr_line' id='line_1_21' title="bbox 333 2563 1222 2642; baseline -0.001 -18"><span class='ocrx_word' id='word_1_145' title='bbox 333 2564 454 2624; x_wconf 83' lang='lat' dir='ltr'><strong>fundam</strong></span> <span class='ocrx_word' id='word_1_146' title='bbox 479 2570 598 2623; x_wconf 88' lang='lat' dir='ltr'><strong>nectem</strong></span> <span class='ocrx_word' id='word_1_147' title='bbox 625 2583 693 2623; x_wconf 90' lang='lat' dir='ltr'><strong>cnm</strong></span> <span class='ocrx_word' id='word_1_148' title='bbox 716 2563 814 2639; x_wconf 88' lang='lat' dir='ltr'><strong>jubilo</strong></span> <span class='ocrx_word' id='word_1_149' title='bbox 836 2563 1026 2642; x_wconf 89' lang='lat' dir='ltr'><strong>producenti,</strong></span> <span class='ocrx_word' id='word_1_150' title='bbox 1053 2563 1222 2641; x_wconf 88' lang='lat' dir='ltr'><strong>nuptiarum</strong></span> 
     </span>
     <span class='ocr_line' id='line_1_22' title="bbox 333 2663 1221 2742; baseline 0.001 -19"><span class='ocrx_word' id='word_1_151' title='bbox 333 2663 497 2724; x_wconf 87' lang='lat' dir='ltr'><strong>insolentes</strong></span> <span class='ocrx_word' id='word_1_152' title='bbox 518 2682 643 2742; x_wconf 87' lang='lat' dir='ltr'><strong>pompas</strong></span> <span class='ocrx_word' id='word_1_153' title='bbox 664 2663 828 2738; x_wconf 90' lang='lat' dir='ltr'><strong>comitanti,</strong></span> <span class='ocrx_word' id='word_1_154' title='bbox 850 2663 977 2724; x_wconf 85' lang='lat' dir='ltr'><strong>vestium</strong></span> <span class='ocrx_word' id='word_1_155' title='bbox 997 2663 1079 2738; x_wconf 86' lang='lat' dir='ltr'><strong>luxu,</strong></span> <span class='ocrx_word' id='word_1_156' title='bbox 1101 2663 1155 2724; x_wconf 90' lang='lat' dir='ltr'><strong>sed</strong></span> <span class='ocrx_word' id='word_1_157' title='bbox 1176 2663 1221 2724; x_wconf 92' lang='lat' dir='ltr'><strong>in-</strong></span> 
     </span>
     <span class='ocr_line' id='line_1_23' title="bbox 309 2763 1223 2842; baseline 0.002 -20"><span class='ocrx_word' id='word_1_158' title='bbox 309 2764 435 2842; x_wconf 66' lang='lat' dir='ltr'><strong>‚prlmis</strong></span> <span class='ocrx_word' id='word_1_159' title='bbox 455 2763 718 2824; x_wconf 88' lang='lat' dir='ltr'><strong>instrumentorum</strong></span> <span class='ocrx_word' id='word_1_160' title='bbox 737 2765 864 2824; x_wconf 89' lang='lat' dir='ltr'><strong>Veneris</strong></span> <span class='ocrx_word' id='word_1_161' title='bbox 885 2763 1092 2838; x_wconf 91' lang='lat' dir='ltr'><strong>contubernio,</strong></span> <span class='ocrx_word' id='word_1_162' title='bbox 1114 2764 1223 2840; x_wconf 90' lang='lat' dir='ltr'><strong>abjecti</strong></span> 
     </span>
     <span class='ocr_line' id='line_1_24' title="bbox 328 2863 1221 2943; baseline 0 -18"><span class='ocrx_word' id='word_1_163' title='bbox 328 2865 395 2943; x_wconf 80' lang='lat' dir='ltr'><strong>jugi</strong></span> <span class='ocrx_word' id='word_1_164' title='bbox 421 2863 614 2925; x_wconf 88' lang='lat' dir='ltr'><strong>ecclesiastici</strong></span> <span class='ocrx_word' id='word_1_165' title='bbox 640 2863 789 2924; x_wconf 87' lang='lat' dir='ltr'><strong>licentiam</strong></span> <span class='ocrx_word' id='word_1_166' title='bbox 814 2871 844 2924; x_wconf 90' lang='lat' dir='ltr'><strong>et</strong></span> <span class='ocrx_word' id='word_1_167' title='bbox 868 2865 1031 2942; x_wconf 90' lang='lat' dir='ltr'><strong>potentiam</strong></span> <span class='ocrx_word' id='word_1_168' title='bbox 1052 2865 1221 2938; x_wconf 84' lang='lat' dir='ltr'><strong>ostentanti,</strong></span> 
     </span>
     <span class='ocr_line' id='line_1_25' title="bbox 331 2963 1221 3046; baseline 0.001 -21"><span class='ocrx_word' id='word_1_169' title='bbox 331 2965 449 3025; x_wconf 86' lang='lat' dir='ltr'><strong>valente</strong></span> <span class='ocrx_word' id='word_1_170' title='bbox 474 2965 593 3046; x_wconf 84' lang='lat' dir='ltr'><strong>quidem</strong></span> <span class='ocrx_word' id='word_1_171' title='bbox 618 2965 698 3044; x_wconf 90' lang='lat' dir='ltr'><strong>apud</strong></span> <span class='ocrx_word' id='word_1_172' title='bbox 723 2964 887 3026; x_wconf 88' lang='lat' dir='ltr'><strong>nonnullos</strong></span> <span class='ocrx_word' id='word_1_173' title='bbox 914 2963 1047 3025; x_wconf 90' lang='lat' dir='ltr'><strong>melioris</strong></span> <span class='ocrx_word' id='word_1_174' title='bbox 1072 2983 1163 3026; x_wconf 89' lang='lat' dir='ltr'><strong>sensu</strong></span> <span class='ocrx_word' id='word_1_175' title='bbox 1191 2975 1221 3026; x_wconf 91' lang='lat' dir='ltr'><strong>et</strong></span> 
     </span>
     <span class='ocr_line' id='line_1_26' title="bbox 330 3054 1220 3149; baseline 0.001 -24"><span class='ocrx_word' id='word_1_176' title='bbox 330 3065 481 3146; x_wconf 80' lang='lat' dir='ltr'><strong>memoria,</strong></span> <span class='ocrx_word' id='word_1_177' title='bbox 511 3065 565 3126; x_wconf 91' lang='lat' dir='ltr'><strong>sed</strong></span> <span class='ocrx_word' id='word_1_178' title='bbox 584 3066 614 3125; x_wconf 93' lang='lat' dir='ltr'><strong>in</strong></span> <span class='ocrx_word' id='word_1_179' title='bbox 635 3054 788 3145; x_wconf 86' lang='lat' dir='ltr'><strong>plerisque</strong></span> <span class='ocrx_word' id='word_1_180' title='bbox 804 3065 961 3126; x_wconf 90' lang='lat' dir='ltr'><strong>deterioris</strong></span> <span class='ocrx_word' id='word_1_181' title='bbox 982 3063 1134 3126; x_wconf 84' lang='lat' dir='ltr'><strong>breviculo</strong></span> <span class='ocrx_word' id='word_1_182' title='bbox 1154 3065 1220 3149; x_wconf 91' lang='lat' dir='ltr'><strong>dul·</strong></span> 
     </span>
     <span class='ocr_line' id='line_1_27' title="bbox 331 3165 1218 3244; baseline 0.001 -18"><span class='ocrx_word' id='word_1_183' title='bbox 331 3165 436 3226; x_wconf 90' lang='lat' dir='ltr'><strong>cedine</strong></span> <span class='ocrx_word' id='word_1_184' title='bbox 461 3165 659 3244; x_wconf 85' lang='lat' dir='ltr'><strong>praevalente.</strong></span> <span class='ocrx_word' id='word_1_185' title='bbox 710 3167 819 3226; x_wconf 89' lang='lat' dir='ltr'><strong>Postea</strong></span> <span class='ocrx_word' id='word_1_186' title='bbox 850 3165 902 3226; x_wconf 93' lang='lat' dir='ltr'><strong>ubi</strong></span> <span class='ocrx_word' id='word_1_187' title='bbox 935 3165 998 3226; x_wconf 90' lang='lat' dir='ltr'><strong>dies</strong></span> <span class='ocrx_word' id='word_1_188' title='bbox 1025 3165 1218 3244; x_wconf 87' lang='lat' dir='ltr'><strong>inspectionis</strong></span> 
     </span>
     <span class='ocr_line' id='line_1_28' title="bbox 330 3265 1217 3345; baseline 0 -17"><span class='ocrx_word' id='word_1_189' title='bbox 330 3266 475 3328; x_wconf 90' lang='lat' dir='ltr'><strong>ecclesiae</strong></span> <span class='ocrx_word' id='word_1_190' title='bbox 503 3275 624 3328; x_wconf 88' lang='lat' dir='ltr'><strong>nostrae</strong></span> <span class='ocrx_word' id='word_1_191' title='bbox 648 3267 742 3342; x_wconf 87' lang='lat' dir='ltr'><strong>venit,</strong></span> <span class='ocrx_word' id='word_1_192' title='bbox 771 3267 939 3345; x_wconf 83' lang='lat' dir='ltr'><strong>praefectus</strong></span> <span class='ocrx_word' id='word_1_193' title='bbox 966 3265 1086 3326; x_wconf 85' lang='lat' dir='ltr'><strong>adscitis</strong></span> <span class='ocrx_word' id='word_1_194' title='bbox 1112 3265 1143 3326; x_wconf 93' lang='lat' dir='ltr'><strong>in</strong></span> <span class='ocrx_word' id='word_1_195' title='bbox 1166 3285 1217 3328; x_wconf 92' lang='lat' dir='ltr'><strong>so-</strong></span> 
     </span>
     <span class='ocr_line' id='line_1_29' title="bbox 329 3365 1219 3440; baseline -0.004 -10"><span class='ocrx_word' id='word_1_196' title='bbox 329 3369 464 3430; x_wconf 88' lang='lat' dir='ltr'><strong>cietatem</strong></span> <span class='ocrx_word' id='word_1_197' title='bbox 484 3367 672 3428; x_wconf 90' lang='lat' dir='ltr'><strong>senatoribus</strong></span> <span class='ocrx_word' id='word_1_198' title='bbox 692 3367 839 3428; x_wconf 89' lang='lat' dir='ltr'><strong>virulenta</strong></span> <span class='ocrx_word' id='word_1_199' title='bbox 860 3367 1033 3440; x_wconf 92' lang='lat' dir='ltr'><strong>admodum,</strong></span> <span class='ocrx_word' id='word_1_200' title='bbox 1060 3367 1114 3426; x_wconf 93' lang='lat' dir='ltr'><strong>sed</strong></span> <span class='ocrx_word' id='word_1_201' title='bbox 1134 3365 1219 3426; x_wconf 86' lang='lat' dir='ltr'><strong>vani-</strong></span> 
     </span>
    </p>
   </div>
   <div class='ocr_carea' id='block_1_5' title="bbox 327 3467 1284 3558">
    <p class='ocr_par' dir='ltr' id='par_1_5' title="bbox 327 3467 1284 3558">
     <span class='ocr_line' id='line_1_30' title="bbox 327 3467 1284 3558; baseline -0.003 -26"><span class='ocrx_word' id='word_1_202' title='bbox 327 3471 396 3532; x_wconf 84' lang='lat' dir='ltr'><strong>tatis</strong></span> <span class='ocrx_word' id='word_1_203' title='bbox 424 3468 597 3550; x_wconf 90' lang='lat' dir='ltr'><strong>plenissima</strong></span> <span class='ocrx_word' id='word_1_204' title='bbox 622 3467 769 3528; x_wconf 83' lang='lat' dir='ltr'><strong>invective</strong></span> <span class='ocrx_word' id='word_1_205' title='bbox 794 3467 997 3546; x_wconf 87' lang='lat' dir='ltr'><strong>intemperiem</strong></span> <span class='ocrx_word' id='word_1_206' title='bbox 1018 3486 1111 3527; x_wconf 88' lang='lat' dir='ltr'><strong>meam</strong></span> <span class='ocrx_word' id='word_1_207' title='bbox 1134 3468 1220 3546; x_wconf 88' lang='lat' dir='ltr'><strong>(post</strong></span> <span class='ocrx_word' id='word_1_208' title='bbox 1281 3551 1284 3558; x_wconf 29' lang='grc'>1</span> 
     </span>
    </p>
   </div>
   <div class='ocr_carea' id='block_1_6' title="bbox 326 3567 1217 3648">
    <p class='ocr_par' dir='ltr' id='par_1_6' title="bbox 326 3567 1217 3648">
     <span class='ocr_line' id='line_1_31' title="bbox 326 3567 1217 3648; baseline -0.003 -17"><span class='ocrx_word' id='word_1_209' title='bbox 326 3571 439 3632; x_wconf 75' lang='lat' dir='ltr'><strong>fucatas</strong></span> <span class='ocrx_word' id='word_1_210' title='bbox 460 3569 580 3644; x_wconf 89' lang='lat' dir='ltr'><strong>laudes)</strong></span> <span class='ocrx_word' id='word_1_211' title='bbox 600 3574 723 3648; x_wconf 90' lang='lat' dir='ltr'><strong>questus</strong></span> <span class='ocrx_word' id='word_1_212' title='bbox 743 3575 773 3629; x_wconf 91' lang='lat' dir='ltr'><strong>et</strong></span> <span class='ocrx_word' id='word_1_213' title='bbox 788 3567 973 3629; x_wconf 90' lang='lat' dir='ltr'><strong>rectitudinis</strong></span> <span class='ocrx_word' id='word_1_214' title='bbox 991 3587 1063 3629; x_wconf 87' lang='lat' dir='ltr'><strong>suae</strong></span> <span class='ocrx_word' id='word_1_215' title='bbox 1079 3569 1217 3629; x_wconf 90' lang='lat' dir='ltr'><strong>ardorem</strong></span> 
     </span>
    </p>
   </div>
   <div class='ocr_carea' id='block_1_7' title="bbox 0 0 1518 4409">
    <p class='ocr_par' dir='ltr' id='par_1_7' title="bbox 0 0 1518 4409">
     <span class='ocr_line' id='line_1_32' title="bbox 0 0 1518 4409; baseline 0 7"><span class='ocrx_word' id='word_1_216' title='bbox 0 0 1518 4409; x_wconf 95' lang='lat' dir='ltr'><strong> </strong></span> 
     </span>
    </p>
   </div>
  </div>
 </body>
</html>
