3025 4409
588 1195 737 1280 mutu
769 1193 995 1287 huillus

718 1373 867 1386 ...a—‘-

636 1515 946 1562 STUTGARDIANA.

349 1631 573 1748 stutgardinm
599 1685 673 1746 ergo
697 1674 787 1747 etque
808 1667 838 1726 in
860 1665 971 1738 aulam,
994 1661 1139 1742 aquibus
1160 1664 1242 1723 omni

348 1766 571 1845 vituabhorrui
589 1767 748 1828 infeliciter
761 1767 924 1841 truduntur,
946 1763 1121 1843 compositis
1134 1771 1242 1825 utcun-

348 1891 407 1953 que
423 1869 574 1932 societatis
589 1874 712 1930 nostrae
723 1865 910 1928 Christianae
927 1865 1026 1938 rebus
1048 1864 1158 1926 Felicis
1175 1865 1242 1944 qui

348 1974 416 2034 dem
437 1972 495 2048 die,
517 1971 569 2052 qni
591 1972 639 2032 14.
651 1966 795 2042 tannarii,
817 1967 1019 2047 postquomli.
1034 1964 1146 2026 Calvae
1159 1985 1242 2026 meae

347 2070 572 2143 valedixissem‚
598 2068 691 2130 tristis
711 2067 882 2148 comparui,
909 2065 1059 2146 rebusque
1080 2065 1192 2144 patriae
1213 2074 1244 2128 ot

348 2172 494 2234 ecclesiae
519 2170 699 2250 plusquam
726 2168 785 2228 dici
810 2173 911 2248 potest
930 2165 1064 2244 disjectis
1085 2173 1116 2226 et
1137 2167 1242 2246 deplo-

348 2273 420 2334 ratis
440 2272 582 2333 humeros
603 2267 743 2344 submisi,
770 2269 822 2330 ubi
849 2267 920 2328 nihil
946 2267 1031 2346 prins
1055 2267 1124 2342 luit,
1152 2287 1240 2348 quam

348 2380 382 2434 ut
407 2369 616 2447 nebulas·⁸²)
644 2369 836 2450 integerrimo
863 2367 1005 2447 theologo
1034 2369 1071 2428 D
1084 2365 1203 2430 Nicolm
1223 2387 1240 2429 ι

348 2472 436 2532 lerini
453 2472 585 2552 quodam
605 2488 713 2533 sensus
728 2467 849 2532 homine
869 2467 995 2543 otiosus,
1018 2473 1048 2527 et
1067 2467 1165 2530 hinc
1156 2487 1240 2531 mco-

348 2570 487 2651 gitnntius
505 2589 624 2651 sparsas
640 2572 826 2651 dissiparem.
855 2566 982 2630 Litioula
993 2585 1060 2628 cum
1073 2571 1133 2632 hoc
1148 2572 1241 2632 amica

348 2671 497 2748 institute,
529 2673 662 2754 quaein
689 2672 861 2747 certiorem,
893 2689 929 2731 ac
955 2675 1104 2731 aeternum
1129 2671 1241 2750 opinor

347 2771 504 2833 amicitiam
524 2780 555 2833 et
573 2773 763 2834 innocentiae
783 2789 866 2834 mene
888 2769 1010 2834 evidens
1023 2772 1124 2832 lumen
1144 2771 1240 2847 desiit,

348 2865 444 2932 'lubin
459 2873 612 2952 Wegncrn
633 2874 819 2953 Esslingensi
840 2873 978 2949 antistite,
997 2889 1123 2952 nngnoe
1141 2871 1241 2933 sciem-

348 2972 407 3032 tiae
439 2979 469 3032 et
495 2980 595 3036 rectae
621 2974 822 3037 conscientiae
850 2975 917 3036 viro
947 2993 1004 3054 pro
1031 2973 1241 3035 conciliatione

348 3075 427 3136 ultro
451 3075 585 3155 citraque
612 3083 779 3156 satagente,
812 3095 879 3137 cum
907 3094 967 3156 quo
995 3074 1102 3136 exinde
1129 3074 1240 3136 arctior

348 3175 540 3238 necessitudo
570 3176 796 3256 animorumque
826 3195 993 3238 consensus
1019 3173 1137 3236 coaluit.
1180 3177 1239 3236 Tc-

350 3285 425 3340 stem
452 3276 652 3338 confessionis
678 3297 761 3338 meae
788 3275 917 3338 tabulam
943 3275 1131 3336 inserendam
1158 3277 1239 3351 duxi,

349 3397 426 3459 quae
446 3376 490 3438 sic
509 3375 606 3438 habet.

390 3479 501 3540 Testor
513 3478 546 3538 S.
559 3478 591 3539 S.
602 3477 740 3539 ‘l'riadem
763 3477 887 3558 ejusque
910 3475 1125 3537 immaculatam
1149 3489 1239 3556 spon-

350 3597 412 3640 sam
440 3578 595 3641 ecclesiam
622 3577 804 3658 Euangeliou
817 3615 830 3625 -
844 3578 1038 3640 Lutheranam
1074 3575 1242 3639 Christiana
