3025 4409
457 446 626 503 Doctoratus
643 443 816 518 progressio,
835 445 984 503 excusatio.
1109 451 1170 518 201

274 607 355 687 logia
376 604 495 668 tltnlnm
516 603 727 666 assumendum
738 603 881 683 potorium
906 603 970 681 ejus
992 605 1170 683 rationibus,

274 716 326 770 ant
352 707 441 768 etiam
466 704 692 786 reprehensioni
719 704 838 766 minime
865 705 1050 786 refragabor.
1095 707 1172 769 Nam

275 808 366 870 rebus
398 806 472 868 meis
499 807 633 887 undique
658 805 780 881 accisiS,
808 827 865 868 neo
891 809 1040 872 honorum
1069 829 1172 872 acees-

275 914 362 974 sione
379 909 441 970 ulla
461 908 531 969 mibi
545 909 608 970 sive
626 908 757 988 optanda
773 907 835 970 sive
852 911 1063 988 exspectanda,
1081 910 1172 972 unius

274 1012 352 1076 tituli
373 1009 571 1087 auctuarium,
598 1009 782 1090 paulopost
808 1017 888 1070 terra
911 1011 1114 1091 sepeliendum
1136 1011 1173 1072 li-

276 1113 375 1189 citari,
403 1110 580 1192 negligentis
594 1111 709 1192 ,potius
738 1131 826 1192 qnam
854 1112 926 1173 boni
952 1112 1173 1191 patrisfamilias

275 1215 417 1276 indioinm
443 1211 588 1292 appellari
613 1232 706 1291 posse
726 1213 806 1274 band
826 1213 964 1274 diffiteor.
1008 1213 1071 1276 Etsi
1094 1214 1174 1276 enim

277 1316 454 1398 quibusdam
476 1313 641 1375 rationibus
662 1314 828 1375 institutum
849 1317 907 1376 hoo
921 1333 1020 1377 meum
1033 1315 1174 1377 illustris·

277 1418 352 1479 simo
370 1415 499 1496 principi
518 1417 593 1476 bero
614 1421 721 1477 nostro
744 1415 829 1496 quasi
851 1417 1037 1502 approbasse
1058 1417 1173 1494 videor,

277 1539 340 1580 non
358 1526 458 1580 tamen
481 1514 652 1592 dissimulo,
674 1535 767 1596 posse
789 1536 840 1578 eas
859 1517 945 1578 faoile
963 1517 1060 1580 refelli
1081 1519 1175 1580 adeo-

277 1639 336 1701 que
363 1619 507 1696 maj0rem
540 1617 658 1697 culpam
684 1616 754 1677 mibi
782 1617 929 1696 imputari.
987 1619 1067 1696 Quid
1097 1620 1176 1681 enim

275 1721 479 1782 labascentem
505 1736 600 1778 meam
628 1717 767 1778 familiam
796 1718 882 1778 inane
909 1737 1020 1779 nomen
1042 1720 1175 1782 fnroilla·

277 1825 341 1885 ret?
374 1820 455 1898 Quid
475 1817 636 1879 violentiae
653 1817 780 1880 infelicis
802 1819 915 1898 patriae
937 1819 1001 1896 fati,
1024 1821 1108 1901 qnod
1128 1827 1174 1884 tot

276 1924 408 1985 illustres
428 1919 567 1996 familias,
589 1919 699 1981 nedum
715 1919 851 2000 plebejas
873 1921 993 1997 evertit,
1015 1941 1051 1981 ao
1073 1919 1176 1982 etiam-

276 2046 349 2087 num
370 2028 476 2084 eontra
496 2039 600 2082 omnes
621 2020 743 2082 ordines
756 2020 870 2101 impetu
885 2029 1046 2102 grassatur,
1069 2023 1176 2086 docto-

277 2127 319 2190 ris
345 2126 429 2187 larva
456 2122 659 2185 obniteretur?
704 2123 797 2201 Quod
824 2122 911 2184 etiam
937 2143 1000 2186 non
1026 2122 1176 2201 ambienti,

277 2226 416 2292 nectale
436 2223 509 2305 quid
530 2223 673 2303 cogitanti
694 2224 795 2286 oblata
816 2230 925 2304 sponte
947 2226 1020 2286 haee
1042 2224 1174 2305 dignatio

279 2335 339 2406 est,
367 2325 463 2388 amori
487 2324 589 2403 potins
617 2345 706 2406 qnam
729 2326 846 2404 judicio
872 2326 964 2388 tribui
983 2331 1099 2406 potest;
1128 2327 1177 2390 oui

280 2451 348 2493 oum
371 2448 427 2509 per
443 2425 584 2488 effoetum
603 2426 754 2507 ingenium
774 2435 804 2490 et
825 2429 956 2508 dejectas
974 2429 1112 2510 eorporis
1131 2429 1177 2491 vi-

279 2553 329 2595 res
348 2531 468 2594 minime
489 2530 698 2609 respondeam,
720 2530 914 2607 evidentiore,
937 2551 1025 2612 quam
1045 2551 1178 2613 unquam

279 2635 353 2696 alias
370 2655 389 2694 a
404 2652 452 2694 me
471 2631 582 2693 factum
593 2637 648 2707 est,
669 2631 707 2693 ab
719 2632 778 2695 boe
798 2653 891 2695 onere
905 2634 1021 2695 ratione
1040 2632 1178 2696 excusari

280 2737 455 2820 potuissem,
478 2754 546 2796 oum
566 2754 584 2794 a
605 2753 700 2814 scopo
723 2754 780 2797 suo
802 2733 1010 2814 Tubingenses
1032 2735 1175 2816 theologi,

280 2839 332 2922 qui
345 2838 431 2901 senio
443 2855 500 2898 sno
512 2836 723 2916 suppedaneos
735 2835 843 2898 merito
858 2842 888 2898 et
908 2837 1073 2916 prudenter
1085 2857 1178 2919 qnae-

280 2951 369 3016 runt,
396 2939 427 3000 in
454 2956 538 2998 meae
558 2958 707 3018 personae
728 2937 848 3000 delectu
873 2937 1035 3016 plurimum
1056 2937 1178 3000 aberra-

281 3044 350 3106 rint.
392 3040 552 3102 Caeterum
580 3039 638 3101 alia
656 3039 728 3100 mihi
748 3046 809 3116 est,
837 3039 998 3102 admodum
1019 3041 1178 3102 reverendi

281 3152 312 3207 et
326 3141 564 3222 conjunctissimi
583 3142 727 3222 collegae,
749 3141 835 3220 ratio,
856 3162 945 3223 quam
966 3140 1040 3203 loris
1061 3162 1177 3222 premo,

280 3239 361 3328 apud
388 3265 445 3308 vos
465 3262 555 3321 vero,
588 3244 671 3326 qnod
697 3264 753 3324 per
774 3234 864 3306 fidem
889 3243 1049 3304 fraternam
1070 3243 1178 3320 debeo,

281 3350 412 3430 ingenue
434 3347 588 3425 depromo.
630 3345 821 3422 MeministiS,
850 3365 927 3427 qnae
947 3346 1006 3406 beu
1026 3345 1102 3406 mala
1122 3343 1177 3406 ba-

281 3452 340 3516 stia
364 3451 515 3532 potiorem
539 3448 618 3509 vitae
644 3447 872 3530 studiorumque
899 3466 1035 3509 meorum
1061 3450 1178 3524 partem

210 3599 214 3604 .
281 3552 428 3616 insectata
447 3550 499 3628 sit,
521 3568 612 3630 quam
630 3547 750 3614 uirtutis
771 3554 801 3611 el
815 3547 953 3612 fortunae
969 3545 1107 3610 comitem
1126 3553 1178 3610 aut
