3025 4409
539 495 596 549 lter
610 494 639 549 ln
656 495 793 549 Austriam
809 498 897 567 parat.
1125 502 1166 561 33

268 654 429 733 plurimum
454 654 632 733 pudclactns
660 663 689 716 et
709 661 818 734 postea
842 654 934 733 longe
962 653 1056 731 magis
1084 652 1167 713 dele-

269 763 363 819 ctatus
392 762 437 818 est
457 758 694 834 Hasenrefferus,
721 762 883 837 postquam
908 755 1012 817 uxoris
1034 773 1167 815 commo-

270 858 408 921 dissimas
429 859 570 921 virtutem
592 867 638 921 est
658 866 810 939 expertus.
843 858 910 919 Nec
922 858 1072 933 abstinuit,
1094 857 1167 937 quin

267 960 450 1023 matrimonii
471 962 518 1023 sui
540 960 733 1023 concordiam
761 968 791 1022 et
816 968 917 1022 aestus
942 959 1064 1039 maligni
1080 978 1167 1019 aver-

267 1063 475 1125 runcationem
496 1070 566 1142 post
584 1066 680 1125 Deum
702 1065 804 1125 matris
825 1064 994 1125 fortitudini
1013 1061 1167 1137 tribueret,

268 1164 329 1225 hoo
349 1164 477 1227 subinde
498 1168 625 1245 addens,
654 1167 777 1227 anullo
799 1186 930 1246 unquam
951 1164 1072 1226 homine
1092 1163 1168 1224 libe-

269 1266 333 1327 rius
363 1266 557 1347 increpitum,
591 1267 721 1347 penitius
751 1268 900 1329 detectum
938 1274 968 1328 et
999 1264 1170 1329 restitutum

270 1368 363 1429 fuisse
390 1368 517 1431 felicius.
559 1369 626 1431 Nec
648 1370 736 1433 desiit
761 1388 894 1450 unquam
914 1370 993 1431 inter
1012 1370 1119 1431 titulos
1140 1376 1171 1431 et

270 1470 451 1531 honoratum
472 1472 589 1533 senium
610 1492 699 1535 suum
718 1471 823 1534 matris
841 1492 953 1533 nomen
975 1472 1056 1549 dare,
1077 1472 1171 1535 liber·

269 1578 360 1634 tatem
381 1572 471 1633 animi
491 1574 571 1636 serre
593 1581 623 1637 et
644 1575 811 1638 obnoxium
832 1575 962 1636 animum
982 1574 1081 1655 palam
1096 1594 1170 1637 con·

270 1674 383 1737 testari.

311 1780 394 1839 llaec
420 1784 482 1841 tum
507 1797 624 1841 mecum
648 1780 881 1841 Hasenrefferus.
929 1780 1089 1840 Praeterea
1108 1798 1171 1840 ma-

271 1879 437 1942 thematicis
460 1879 623 1959 elegantiis,
646 1882 733 1959 cujus
755 1880 986 1942 callentissimus
999 1886 1079 1956 emt,-
1093 1882 1170 1941 mul-

271 1988 336 2044 tum
349 1981 490 2043 succisivi
506 1967 622 2055 datum3
644 1983 798 2045 astrolabii
811 2002 928 2063 nempe,
951 1981 1077 2058 trientis,
1097 2002 1171 2063 qua-

273 2083 386 2145 drantis
406 2088 436 2144 et
450 2082 723 2162 sciot[h]ericorurrr
742 2085 880 2160 fabricae,
899 2091 989 2165 atque
1006 2084 1171 2144 eorundem

272 2184 378 2248 usibus
390 2184 574 2265 indagandis.
610 2188 687 2248 Tum
700 2188 809 2249 latinae
823 2185 1030 2265 hebraeaeque
1042 2184 1171 2265 linguae,

274 2288 402 2369 quasin
423 2286 538 2349 deliciis
559 2287 648 2349 unica
669 2289 810 2366 habebat,
841 2287 961 2351 ornatui
982 2292 1013 2347 et
1032 2288 1172 2367 proprie-

274 2389 328 2451 tati
348 2388 509 2469 plurimum
529 2389 705 2469 impensum.
750 2389 827 2451 Cum
856 2390 943 2451 etiam
971 2388 1075 2469 templi
1095 2390 1174 2451 Eze-

274 2489 379 2553 chielis
408 2497 589 2553 structuram
616 2490 714 2552 oculis
745 2490 886 2552 exhibere
913 2498 1076 2572 satageret,
1108 2512 1174 2553 mea

276 2610 370 2671 opera
389 2592 422 2653 in
441 2592 629 2654 conficienda
650 2590 751 2653 tabula
771 2592 971 2673 geographica
990 2600 1054 2653 tum
1074 2594 1174 2673 optice

275 2692 417 2755 sistendis
439 2694 543 2775 templi
564 2692 815 2756 delineationibus
835 2714 925 2770 usus,
948 2693 1005 2755 sibi
1025 2693 1175 2776 nobisque

274 2793 425 2875 voluptati
444 2796 508 2857 fuit.

319 2894 397 2959 Cum
423 2897 454 2959 in
478 2897 592 2959 Italiam
617 2896 675 2958 iter
702 2896 918 2972 decrevissem,
947 2897 1034 2974 cujus
1054 2896 1176 2977 linguae

276 2997 441 3078 primordia
464 3003 528 3079 jam
554 2998 706 3062 Besoldus
730 2998 883 3060 indefesso
911 2997 1011 3059 studio
1038 2999 1176 3061 contule-

276 3105 338 3178 rat,
364 3100 517 3163 Austriam
544 3102 631 3163 etiam
651 3101 836 3181 perlustrare
857 3100 955 3161 visum
977 3106 1031 3160 cst.
1073 3103 1178 3183 ltaque

277 3204 417 3281 nummis,
440 3223 518 3285 quos
541 3224 579 3266 ex
594 3202 821 3283 Gemmingiano
843 3201 993 3281 stipendio
1015 3207 1046 3261 et
1058 3204 1179 3281 patroni

278 3303 456 3367 liberalitate
484 3306 678 3386 collegeram,
706 3304 787 3384 apud
807 3302 997 3365 lloelzelium
1023 3304 1178 3394 depositis,

278 3424 314 3466 ac
335 3413 370 3469 ut
389 3408 564 3469 tantundem
584 3407 634 3469 vel
653 3406 824 3487 plusculum
842 3406 938 3482 etiam,
961 3408 988 3467 si
997 3424 1076 3485 opus
1089 3416 1179 3481 esset,

278 3528 296 3569 a
318 3508 520 3571 oreditoribus
543 3512 608 3587 ejus
630 3507 764 3569 vicissim
785 3506 964 3586 reciperem,
986 3506 1075 3568 simul
1092 3508 1180 3568 eliam

280 3622 357 3692 quas
378 3606 511 3673 rationes
534 3608 606 3671 satis
628 3606 794 3688 implicatas
814 3618 1009 3686 acceptorum
1026 3613 1056 3669 et
1068 3624 1181 3687 expen-
