3025 4409
337 493 403 556 ωε
589 488 673 544 moe
688 465 756 542 vm.
790 487 978 548 ror-rma.

340 647 432 722 sima,
465 645 601 729 undique
630 646 765 726 intumis,
798 647 991 710 confessione
1021 647 1241 726 cordatiseirns,

340 746 534 829 professione
557 747 687 828 turpiter
709 766 836 824 vecors,
862 767 932 810 sum
959 767 1018 830 qua
1043 749 1171 812 credere
1190 757 1242 812 tn·

340 856 405 911 tum
426 847 657 930 jucundumque
682 847 723 912 sit
747 857 779 912 et
797 850 942 926 salutare,
967 850 1070 914 virere
1085 849 1240 929 periculo

341 969 424 1027 snm,
450 950 537 1012 triste
557 958 588 1012 et
607 950 811 1014 conscientiae
831 949 1038 1028 durissimum,
1065 951 1154 1028 cujus
1174 951 1241 1012 cnl-
1368 937 1369 1010 l

340 1070 410 1132 pam
431 1051 564 1113 omnium
585 1051 857 1131 praesentissimam
878 1051 1042 1112 iniictitiam
1063 1070 1129 1112 eam
1149 1053 1241 1116 fidem
1368 1083 1369 1130 i

341 1152 450 1214 nullibi
480 1152 709 1214 fructificantem
740 1152 822 1230 (non
852 1151 1001 1214 vivificam
1029 1151 1127 1229 illam,
1163 1173 1242 1235 quse
1368 1163 1369 1216 l

343 1252 457 1316 Christi
476 1252 585 1314 meritc
610 1252 681 1313 nixa
706 1252 773 1314 sine
799 1251 864 1314 ullo
889 1271 983 1332 opere
1003 1261 1035 1316 et
1049 1253 1195 1332 justificat
1210 1261 1242 1316 et

342 1355 454 1431 salvat)
478 1359 794 1435 sacramentorumque
819 1353 979 1432 profanum
1005 1360 1037 1415 et
1056 1355 1242 1418 meritorium

342 1475 432 1518 nsum
452 1454 649 1534 rejiciendum
667 1453 834 1535 putandum
854 1461 915 1531 est,
935 1453 1063 1516 maxime
1081 1453 1136 1516 ubi
1155 1455 1242 1518 coeci

344 1563 375 1618 et
395 1555 494 1618 claudi
515 1556 560 1632 (2.
571 1556 652 1618 Sam.
667 1557 706 1618 V.
726 1575 755 1617 v.
772 1556 818 1633 6.)
839 1562 870 1616 ct
889 1564 1051 1635 personato
1070 1555 1153 1618 idola
1171 1561 1242 1622 sunt

343 1673 498 1718 murorum
519 1656 749 1737 Hierosolymae
776 1654 919 1718 custodes
945 1662 976 1716 et
993 1656 1170 1720 defensores
1190 1663 1242 1719 aut

342 1773 402 1837 pro
421 1757 534 1820 lucello
555 1758 673 1838 privato
692 1755 814 1818 modico
834 1755 957 1836 publica
979 1775 1030 1818 res
1052 1763 1082 1820 et
1100 1757 1243 1818 universa

343 1858 513 1939 negligitur,
534 1859 693 1934 deseritur,
712 1857 854 1938 proditur
874 1863 904 1917 et
923 1857 1060 1934 traditur,
1083 1857 1174 1920 salvis
1194 1857 1241 1920 in-

345 1959 433 2020 terim
452 1959 546 2021 rebus
561 1959 658 2040 pactis
675 1965 706 2020 et
716 1958 847 2036 juribus,
858 1957 1030 2047 admirabili
1045 1958 1135 2038 plane
1149 1964 1179 2021 et
1194 1958 1242 2019 in-

346 2061 449 2124 audito
460 2061 629 2142 privilegio,
644 2066 688 2136 nt,
701 2077 791 2141 quem
804 2057 887 2121 salva
897 2058 1007 2138 pictate
1016 2059 1133 2124 violare
1146 2081 1242 2138 sacra,

346 2162 430 2223 salva
449 2162 510 2224 vita
531 2161 704 2224 interimere
724 2159 849 2236 obvios,
870 2159 954 2221 salva
974 2160 1118 2240 pudicitia
1136 2161 1243 2224 vitiare

346 2262 496 2343 virgines,
513 2262 596 2325 salva
605 2261 768 2325 sobrietate
782 2280 867 2322 mero
881 2261 1031 2340 inebriari,
1052 2262 1135 2324 salva
1154 2282 1243 2324 reve-

347 2363 444 2424 rentia
457 2364 559 2426 iurerc
578 2371 609 2426 et
622 2361 809 2438 debacchari,
831 2361 913 2424 salva
926 2362 1065 2424 libertate
1079 2364 1243 2443 mancipari

348 2464 478 2539 carceri,
498 2464 590 2526 salvis
610 2463 741 2526 fortunis
761 2462 807 2523 irc
827 2463 940 2524 nudum
954 2463 985 2526 in
1003 2464 1124 2526 exilium
1144 2463 1243 2542 liceat,

347 2563 388 2624 ita
401 2583 498 2645 aeque
510 2563 624 2626 bonnm
639 2571 670 2626 et
682 2564 841 2624 honestum
853 2570 1012 2627 censeatur
1024 2565 1144 2644 privare
1154 2563 1244 2627 bonis

348 2664 412 2726 suis
427 2672 457 2726 et
472 2667 607 2747 exlegem
622 2665 727 2727 vivere
741 2671 832 2745 atque
850 2683 941 2744 agere
959 2664 1049 2727 salvis
1068 2664 1243 2746 privilegiis.

410 2766 529 2843 Restat,
568 2772 604 2827 nt
644 2767 724 2826 hunc
765 2784 875 2826 aunum
915 2765 986 2826 milri
1020 2785 1080 2848 qua
1113 2769 1245 2832 animum

349 2885 408 2947 qna
434 2885 547 2946 corpus
575 2864 863 2928 calamitosissimum
888 2863 1018 2953 Augusti
1044 2867 1159 2930 Phoebi
1184 2870 1244 2931 mei

347 2963 487 3028 laudibus
522 2967 721 3030 meritissimis
755 2965 821 3028 sine
854 2965 925 3028 suco
962 2973 992 3029 et
1022 2967 1100 3041 fastu
1132 2969 1244 3049 finiam,
1368 3043 1369 3048 η

348 3073 454 3148 utpote
475 3066 563 3150 cujus
584 3067 652 3129 luce
671 3065 878 3146 resplendens,
900 3067 1002 3130 calore
1022 3069 1112 3145 lotus,
1132 3070 1245 3134 virtute
1368 3093 1369 3104 ¹

348 3173 520 3249 vegetatus,
548 3174 579 3230 et
604 3168 700 3230 imbre
730 3167 886 3247 irrigatus,
919 3169 1047 3232 adversa
1073 3176 1182 3232 cuncta
1214 3189 1231 3232 c

348 3267 525 3350 pertulerirn
547 3275 577 3330 et
597 3267 802 3351 mitigaverint,
823 3267 907 3349 quod
926 3269 997 3331 mihi
1011 3271 1171 3346 oculorum
1185 3271 1235 3335 ola

348 3371 485 3447 lectatio,
513 3369 629 3432 aurium
654 3367 836 3444 modulatio,
863 3368 964 3432 cordis
989 3371 1154 3449 recreatio,
1183 3372 1245 3454 spi-

349 3473 460 3535 rituum
479 3471 684 3548 resuscitatio,
706 3469 858 3534 servitutis
877 3468 1049 3549 retributio,
1070 3473 1245 3554 agoniarum

351 3573 540 3653 refocillatio,
553 3573 756 3655 angustiarum
771 3573 913 3658 dilamio,
932 3571 1111 3656 indigentiae
1125 3582 1246 3639 suamn-
