<?xml version="1.0" encoding="UTF-8"?>
<!DOCTYPE html PUBLIC "-//W3C//DTD XHTML 1.0 Transitional//EN"
    "http://www.w3.org/TR/xhtml1/DTD/xhtml1-transitional.dtd">
<html xmlns="http://www.w3.org/1999/xhtml" xml:lang="en" lang="en">
 <head>
  <title>
</title>
<meta http-equiv="Content-Type" content="text/html;charset=utf-8" />
  <meta name='ocr-system' content='tesseract 3.04.00' />
  <meta name='ocr-capabilities' content='ocr_page ocr_carea ocr_par ocr_line ocrx_word'/>
</head>
<body>
  <div class='ocr_page' id='page_1' title='image "./ioannisvalentin00andrgoog_0076.png"; bbox 0 0 3025 4409; ppageno 0'>
   <div class='ocr_carea' id='block_1_1' title="bbox 366 510 991 579">
    <p class='ocr_par' dir='ltr' id='par_1_1' title="bbox 366 510 991 579">
     <span class='ocr_line' id='line_1_1' title="bbox 366 510 991 579; baseline -0.002 -15"><span class='ocrx_word' id='word_1_1' title='bbox 366 518 407 579; x_wconf 65' lang='lat'><strong>5⁶</strong></span> <span class='ocrx_word' id='word_1_2' title='bbox 641 511 723 567; x_wconf 72' lang='lat' dir='ltr'><strong>nine</strong></span> <span class='ocrx_word' id='word_1_3' title='bbox 740 512 772 567; x_wconf 90' lang='lat' dir='ltr'><strong>u.</strong></span> <span class='ocrx_word' id='word_1_4' title='bbox 807 510 991 568; x_wconf 77' lang='lat' dir='ltr'><strong>ron-roan</strong></span> 
     </span>
    </p>
   </div>
   <div class='ocr_carea' id='block_1_2' title="bbox 363 666 1268 2054">
    <p class='ocr_par' dir='ltr' id='par_1_2' title="bbox 363 666 1268 2054">
     <span class='ocr_line' id='line_1_2' title="bbox 369 666 1268 747; baseline -0.002 -17"><span class='ocrx_word' id='word_1_5' title='bbox 369 669 447 731; x_wconf 74' lang='lat' dir='ltr'><strong>edm</strong></span> <span class='ocrx_word' id='word_1_6' title='bbox 465 667 620 747; x_wconf 86' lang='lat' dir='ltr'><strong>occupatis</strong></span> <span class='ocrx_word' id='word_1_7' title='bbox 632 666 805 731; x_wconf 85' lang='lat' dir='ltr'><strong>Sebastiani</strong></span> <span class='ocrx_word' id='word_1_8' title='bbox 816 667 1002 745; x_wconf 83' lang='lat' dir='ltr'><strong>Sieshindi*)</strong></span> <span class='ocrx_word' id='word_1_9' title='bbox 1015 668 1268 747; x_wconf 86' lang='lat' dir='ltr'><strong>pharmacopolae</strong></span> 
     </span>
     <span class='ocr_line' id='line_1_3' title="bbox 365 767 1267 850; baseline 0 -19"><span class='ocrx_word' id='word_1_10' title='bbox 365 771 429 847; x_wconf 89' lang='lat' dir='ltr'><strong>jam</strong></span> <span class='ocrx_word' id='word_1_11' title='bbox 448 768 551 850; x_wconf 90' lang='lat' dir='ltr'><strong>priore</strong></span> <span class='ocrx_word' id='word_1_12' title='bbox 571 767 712 829; x_wconf 90' lang='lat' dir='ltr'><strong>incendio</strong></span> <span class='ocrx_word' id='word_1_13' title='bbox 735 768 867 848; x_wconf 88' lang='lat' dir='ltr'><strong>graviter</strong></span> <span class='ocrx_word' id='word_1_14' title='bbox 886 768 988 830; x_wconf 76' lang='lat' dir='ltr'><strong>afflicti</strong></span> <span class='ocrx_word' id='word_1_15' title='bbox 1004 769 1139 844; x_wconf 79' lang='lat' dir='ltr'><strong>aedibus,</strong></span> <span class='ocrx_word' id='word_1_16' title='bbox 1161 789 1267 850; x_wconf 79' lang='lat' dir='ltr'><strong>quam-</strong></span> 
     </span>
     <span class='ocr_line' id='line_1_4' title="bbox 366 868 1267 949; baseline -0.002 -18"><span class='ocrx_word' id='word_1_17' title='bbox 366 868 413 931; x_wconf 87' lang='lat' dir='ltr'><strong>vis</strong></span> <span class='ocrx_word' id='word_1_18' title='bbox 426 868 495 931; x_wconf 84' lang='lat' dir='ltr'><strong>vico</strong></span> <span class='ocrx_word' id='word_1_19' title='bbox 507 868 747 944; x_wconf 79' lang='lat' dir='ltr'><strong>terminarentur,</strong></span> <span class='ocrx_word' id='word_1_20' title='bbox 768 877 868 930; x_wconf 89' lang='lat' dir='ltr'><strong>tamen</strong></span> <span class='ocrx_word' id='word_1_21' title='bbox 883 876 914 931; x_wconf 91' lang='lat' dir='ltr'><strong>et</strong></span> <span class='ocrx_word' id='word_1_22' title='bbox 931 868 1141 949; x_wconf 77' lang='lat' dir='ltr'><strong>Christophori</strong></span> <span class='ocrx_word' id='word_1_23' title='bbox 1159 869 1267 931; x_wconf 90' lang='lat' dir='ltr'><strong>llechti</strong></span> 
     </span>
     <span class='ocr_line' id='line_1_5' title="bbox 363 968 1266 1051; baseline 0 -20"><span class='ocrx_word' id='word_1_24' title='bbox 363 968 567 1046; x_wconf 87' lang='lat' dir='ltr'><strong>jureconsulti</strong></span> <span class='ocrx_word' id='word_1_25' title='bbox 587 975 618 1029; x_wconf 88' lang='lat' dir='ltr'><strong>et</strong></span> <span class='ocrx_word' id='word_1_26' title='bbox 637 968 763 1031; x_wconf 89' lang='lat' dir='ltr'><strong>illustris</strong></span> <span class='ocrx_word' id='word_1_27' title='bbox 784 970 934 1032; x_wconf 87' lang='lat' dir='ltr'><strong>dicasterii</strong></span> <span class='ocrx_word' id='word_1_28' title='bbox 955 973 1107 1051; x_wconf 86' lang='lat' dir='ltr'><strong>quondam</strong></span> <span class='ocrx_word' id='word_1_29' title='bbox 1128 988 1266 1032; x_wconf 82' lang='lat' dir='ltr'><strong>assesso-</strong></span> 
     </span>
     <span class='ocr_line' id='line_1_6' title="bbox 368 1070 1266 1150; baseline -0.001 -18"><span class='ocrx_word' id='word_1_30' title='bbox 368 1072 410 1132; x_wconf 90' lang='lat' dir='ltr'><strong>ris</strong></span> <span class='ocrx_word' id='word_1_31' title='bbox 431 1079 462 1131; x_wconf 87' lang='lat' dir='ltr'><strong>ct</strong></span> <span class='ocrx_word' id='word_1_32' title='bbox 481 1077 563 1131; x_wconf 89' lang='lat' dir='ltr'><strong>trans</strong></span> <span class='ocrx_word' id='word_1_33' title='bbox 584 1070 684 1130; x_wconf 87' lang='lat' dir='ltr'><strong>vicum</strong></span> <span class='ocrx_word' id='word_1_34' title='bbox 704 1071 731 1131; x_wconf 89' lang='lat' dir='ltr'><strong>J.</strong></span> <span class='ocrx_word' id='word_1_35' title='bbox 745 1070 1009 1150; x_wconf 86' lang='lat' dir='ltr'><strong>ChilieniHergeri</strong></span> <span class='ocrx_word' id='word_1_36' title='bbox 1027 1071 1137 1132; x_wconf 86' lang='lat' dir='ltr'><strong>viduae</strong></span> <span class='ocrx_word' id='word_1_37' title='bbox 1157 1071 1266 1133; x_wconf 86' lang='lat' dir='ltr'><strong>domos</strong></span> 
     </span>
     <span class='ocr_line' id='line_1_7' title="bbox 367 1171 1265 1252; baseline -0.004 -19"><span class='ocrx_word' id='word_1_38' title='bbox 367 1171 578 1252; x_wconf 79' lang='lat' dir='ltr'>apprehendit,</span> <span class='ocrx_word' id='word_1_39' title='bbox 607 1189 683 1250; x_wconf 89' lang='lat' dir='ltr'><strong>quae</strong></span> <span class='ocrx_word' id='word_1_40' title='bbox 709 1190 782 1231; x_wconf 87' lang='lat' dir='ltr'><strong>suae</strong></span> <span class='ocrx_word' id='word_1_41' title='bbox 803 1190 940 1251; x_wconf 87' lang='lat' dir='ltr'><strong>quaeque</strong></span> <span class='ocrx_word' id='word_1_42' title='bbox 961 1171 1103 1232; x_wconf 77' lang='lat' dir='ltr'><strong>vicinitati</strong></span> <span class='ocrx_word' id='word_1_43' title='bbox 1125 1171 1265 1231; x_wconf 86' lang='lat' dir='ltr'><strong>damnum</strong></span> 
     </span>
     <span class='ocr_line' id='line_1_8' title="bbox 368 1270 1264 1346; baseline -0.003 -13"><span class='ocrx_word' id='word_1_44' title='bbox 368 1280 398 1333; x_wconf 89' lang='lat' dir='ltr'><strong>et</strong></span> <span class='ocrx_word' id='word_1_45' title='bbox 418 1272 569 1333; x_wconf 90' lang='lat' dir='ltr'><strong>interitum</strong></span> <span class='ocrx_word' id='word_1_46' title='bbox 590 1270 725 1331; x_wconf 88' lang='lat' dir='ltr'><strong>attulere.</strong></span> <span class='ocrx_word' id='word_1_47' title='bbox 763 1271 872 1331; x_wconf 89' lang='lat' dir='ltr'><strong>llechti</strong></span> <span class='ocrx_word' id='word_1_48' title='bbox 892 1272 980 1346; x_wconf 90' lang='lat' dir='ltr'><strong>enim,</strong></span> <span class='ocrx_word' id='word_1_49' title='bbox 1001 1272 1149 1333; x_wconf 77' lang='lat' dir='ltr'><strong>iohannis</strong></span> <span class='ocrx_word' id='word_1_50' title='bbox 1170 1271 1264 1331; x_wconf 91' lang='lat' dir='ltr'><strong>Ulrici</strong></span> 
     </span>
     <span class='ocr_line' id='line_1_9' title="bbox 366 1370 1266 1453; baseline -0.003 -19"><span class='ocrx_word' id='word_1_51' title='bbox 366 1372 512 1452; x_wconf 86' lang='lat' dir='ltr'><strong>Bengelii‚</strong></span> <span class='ocrx_word' id='word_1_52' title='bbox 534 1372 586 1453; x_wconf 90' lang='lat' dir='ltr'><strong>qni</strong></span> <span class='ocrx_word' id='word_1_53' title='bbox 598 1370 815 1451; x_wconf 84' lang='lat' dir='ltr'><strong>piscationibus</strong></span> <span class='ocrx_word' id='word_1_54' title='bbox 826 1372 970 1452; x_wconf 88' lang='lat' dir='ltr'><strong>principis</strong></span> <span class='ocrx_word' id='word_1_55' title='bbox 981 1380 1116 1451; x_wconf 81' lang='lat' dir='ltr'><strong>praeest,</strong></span> <span class='ocrx_word' id='word_1_56' title='bbox 1137 1372 1266 1450; x_wconf 87' lang='lat' dir='ltr'><strong>llergeri</strong></span> 
     </span>
     <span class='ocr_line' id='line_1_10' title="bbox 368 1471 1264 1552; baseline -0.001 -18"><span class='ocrx_word' id='word_1_57' title='bbox 368 1492 442 1535; x_wconf 87' lang='lat' dir='ltr'><strong>vero</strong></span> <span class='ocrx_word' id='word_1_58' title='bbox 463 1471 602 1551; x_wconf 81' lang='lat' dir='ltr'><strong>longiore</strong></span> <span class='ocrx_word' id='word_1_59' title='bbox 624 1472 702 1533; x_wconf 89' lang='lat' dir='ltr'><strong>serie</strong></span> <span class='ocrx_word' id='word_1_60' title='bbox 714 1472 847 1552; x_wconf 78' lang='lat' dir='ltr'><strong>Agathee</strong></span> <span class='ocrx_word' id='word_1_61' title='bbox 861 1473 1006 1552; x_wconf 81' lang='lat' dir='ltr'><strong>decrepiti</strong></span> <span class='ocrx_word' id='word_1_62' title='bbox 1019 1473 1094 1533; x_wconf 87' lang='lat' dir='ltr'><strong>senii</strong></span> <span class='ocrx_word' id='word_1_63' title='bbox 1105 1472 1264 1546; x_wconf 79' lang='lat' dir='ltr'><strong>foeminae,</strong></span> 
     </span>
     <span class='ocr_line' id='line_1_11' title="bbox 367 1572 1264 1652; baseline -0.001 -19"><span class='ocrx_word' id='word_1_64' title='bbox 367 1573 506 1635; x_wconf 84' lang='lat' dir='ltr'><strong>Matthiae</strong></span> <span class='ocrx_word' id='word_1_65' title='bbox 533 1572 655 1651; x_wconf 87' lang='lat' dir='ltr'><strong>Haugii‚</strong></span> <span class='ocrx_word' id='word_1_66' title='bbox 684 1574 721 1633; x_wconf 84' lang='lat' dir='ltr'><strong>D.</strong></span> <span class='ocrx_word' id='word_1_67' title='bbox 742 1572 889 1634; x_wconf 79' lang='lat' dir='ltr'><strong>lobannis</strong></span> <span class='ocrx_word' id='word_1_68' title='bbox 916 1574 1040 1652; x_wconf 81' lang='lat' dir='ltr'><strong>Georgii</strong></span> <span class='ocrx_word' id='word_1_69' title='bbox 1069 1572 1264 1652; x_wconf 84' lang='lat' dir='ltr'><strong>llembergeri</strong></span> 
     </span>
     <span class='ocr_line' id='line_1_12' title="bbox 366 1671 1264 1754; baseline -0.002 -19"><span class='ocrx_word' id='word_1_70' title='bbox 366 1672 451 1735; x_wconf 89' lang='lat' dir='ltr'><strong>urbis</strong></span> <span class='ocrx_word' id='word_1_71' title='bbox 476 1671 593 1751; x_wconf 87' lang='lat' dir='ltr'><strong>physici</strong></span> <span class='ocrx_word' id='word_1_72' title='bbox 626 1680 656 1733; x_wconf 87' lang='lat' dir='ltr'><strong>et</strong></span> <span class='ocrx_word' id='word_1_73' title='bbox 681 1672 787 1733; x_wconf 81' lang='lat' dir='ltr'><strong>Annae</strong></span> <span class='ocrx_word' id='word_1_74' title='bbox 820 1692 897 1754; x_wconf 88' lang='lat' dir='ltr'><strong>qnae</strong></span> <span class='ocrx_word' id='word_1_75' title='bbox 925 1673 1080 1734; x_wconf 82' lang='lat' dir='ltr'><strong>Michaelis</strong></span> <span class='ocrx_word' id='word_1_76' title='bbox 1111 1675 1264 1753; x_wconf 86' lang='lat' dir='ltr'><strong>qnondam</strong></span> 
     </span>
     <span class='ocr_line' id='line_1_13' title="bbox 366 1772 1263 1853; baseline 0.001 -18"><span class='ocrx_word' id='word_1_77' title='bbox 366 1774 525 1835; x_wconf 84' lang='lat' dir='ltr'><strong>Wiseiauti</strong></span> <span class='ocrx_word' id='word_1_78' title='bbox 556 1773 593 1833; x_wconf 91' lang='lat' dir='ltr'><strong>de</strong></span> <span class='ocrx_word' id='word_1_79' title='bbox 627 1792 660 1833; x_wconf 89' lang='lat' dir='ltr'><strong>re</strong></span> <span class='ocrx_word' id='word_1_80' title='bbox 686 1772 818 1835; x_wconf 89' lang='lat' dir='ltr'><strong>literaria</strong></span> <span class='ocrx_word' id='word_1_81' title='bbox 854 1774 967 1853; x_wconf 87' lang='lat' dir='ltr'><strong>optime</strong></span> <span class='ocrx_word' id='word_1_82' title='bbox 1002 1774 1100 1835; x_wconf 88' lang='lat' dir='ltr'><strong>meriti</strong></span> <span class='ocrx_word' id='word_1_83' title='bbox 1133 1775 1263 1836; x_wconf 88' lang='lat' dir='ltr'><strong>hominis</strong></span> 
     </span>
     <span class='ocr_line' id='line_1_14' title="bbox 369 1872 1262 1955; baseline 0.002 -20"><span class='ocrx_word' id='word_1_84' title='bbox 369 1873 554 1949; x_wconf 80' lang='lat' dir='ltr'><strong>materfuit,</strong></span> <span class='ocrx_word' id='word_1_85' title='bbox 576 1872 726 1935; x_wconf 89' lang='lat' dir='ltr'><strong>domicilia</strong></span> <span class='ocrx_word' id='word_1_86' title='bbox 746 1873 930 1953; x_wconf 83' lang='lat' dir='ltr'><strong>penitissime</strong></span> <span class='ocrx_word' id='word_1_87' title='bbox 951 1875 1125 1953; x_wconf 87' lang='lat' dir='ltr'><strong>prostravit,</strong></span> <span class='ocrx_word' id='word_1_88' title='bbox 1147 1894 1209 1955; x_wconf 91' lang='lat' dir='ltr'><strong>quo</strong></span> <span class='ocrx_word' id='word_1_89' title='bbox 1231 1876 1262 1937; x_wconf 89' lang='lat' dir='ltr'><strong>in</strong></span> 
     </span>
     <span class='ocr_line' id='line_1_15' title="bbox 366 1974 1262 2054; baseline 0.003 -20"><span class='ocrx_word' id='word_1_90' title='bbox 366 1974 437 2036; x_wconf 92' lang='lat' dir='ltr'><strong>loco</strong></span> <span class='ocrx_word' id='word_1_91' title='bbox 456 1976 524 2035; x_wconf 84' lang='lat' dir='ltr'><strong>Deo</strong></span> <span class='ocrx_word' id='word_1_92' title='bbox 546 1975 706 2036; x_wconf 86' lang='lat' dir='ltr'><strong>miserante</strong></span> <span class='ocrx_word' id='word_1_93' title='bbox 727 1974 805 2053; x_wconf 81' lang='lat' dir='ltr'><strong>ignis</strong></span> <span class='ocrx_word' id='word_1_94' title='bbox 819 1974 985 2054; x_wconf 86' lang='lat' dir='ltr'><strong>acquievit.</strong></span> <span class='ocrx_word' id='word_1_95' title='bbox 1021 1977 1152 2054; x_wconf 81' lang='lat' dir='ltr'><strong>&#39;lengum</strong></span> <span class='ocrx_word' id='word_1_96' title='bbox 1174 1976 1262 2037; x_wconf 85' lang='lat' dir='ltr'><strong>etiam</strong></span> 
     </span>
    </p>
   </div>
   <div class='ocr_carea' id='block_1_3' title="bbox 365 2073 1376 2154">
    <p class='ocr_par' dir='ltr' id='par_1_3' title="bbox 365 2073 1376 2154">
     <span class='ocr_line' id='line_1_16' title="bbox 365 2073 1376 2154; baseline 0.001 -19"><span class='ocrx_word' id='word_1_97' title='bbox 365 2074 454 2154; x_wconf 86' lang='lat' dir='ltr'><strong>primi</strong></span> <span class='ocrx_word' id='word_1_98' title='bbox 473 2073 575 2134; x_wconf 85' lang='lat' dir='ltr'><strong>horrei</strong></span> <span class='ocrx_word' id='word_1_99' title='bbox 595 2074 723 2135; x_wconf 86' lang='lat' dir='ltr'><strong>maxime</strong></span> <span class='ocrx_word' id='word_1_100' title='bbox 743 2074 868 2135; x_wconf 89' lang='lat' dir='ltr'><strong>noxium</strong></span> <span class='ocrx_word' id='word_1_101' title='bbox 888 2074 952 2135; x_wconf 83' lang='lat' dir='ltr'><strong>suit</strong></span> <span class='ocrx_word' id='word_1_102' title='bbox 989 2076 1023 2136; x_wconf 97' lang='lat' dir='ltr'><strong>ld</strong></span> <span class='ocrx_word' id='word_1_103' title='bbox 1045 2077 1122 2137; x_wconf 89' lang='lat' dir='ltr'><strong>enim</strong></span> <span class='ocrx_word' id='word_1_104' title='bbox 1135 2076 1262 2139; x_wconf 82' lang='lat' dir='ltr'><strong>aedibus</strong></span> <span class='ocrx_word' id='word_1_105' title='bbox 1375 2127 1376 2136; x_wconf 70' lang='grc'>,</span> 
     </span>
    </p>
   </div>
   <div class='ocr_carea' id='block_1_4' title="bbox 364 2173 1262 2455">
    <p class='ocr_par' dir='ltr' id='par_1_4' title="bbox 364 2173 1262 2455">
     <span class='ocr_line' id='line_1_17' title="bbox 365 2173 1262 2255; baseline 0.001 -18"><span class='ocrx_word' id='word_1_106' title='bbox 365 2174 535 2237; x_wconf 84' lang='lat' dir='ltr'><strong>intermixta</strong></span> <span class='ocrx_word' id='word_1_107' title='bbox 559 2176 669 2235; x_wconf 89' lang='lat' dir='ltr'><strong>horrea</strong></span> <span class='ocrx_word' id='word_1_108' title='bbox 697 2173 754 2235; x_wconf 85' lang='lat' dir='ltr'><strong>trie</strong></span> <span class='ocrx_word' id='word_1_109' title='bbox 780 2193 907 2235; x_wconf 89' lang='lat' dir='ltr'><strong>numero</strong></span> <span class='ocrx_word' id='word_1_110' title='bbox 935 2174 1131 2255; x_wconf 85' lang='lat' dir='ltr'><strong>depopulavit</strong></span> <span class='ocrx_word' id='word_1_111' title='bbox 1155 2178 1262 2254; x_wconf 88' lang='lat' dir='ltr'><strong>majori</strong></span> 
     </span>
     <span class='ocr_line' id='line_1_18' title="bbox 365 2266 1260 2357; baseline 0.002 -22"><span class='ocrx_word' id='word_1_112' title='bbox 365 2275 502 2354; x_wconf 87' lang='lat' dir='ltr'><strong>periculo</strong></span> <span class='ocrx_word' id='word_1_113' title='bbox 519 2293 607 2355; x_wconf 85' lang='lat' dir='ltr'><strong>qnam</strong></span> <span class='ocrx_word' id='word_1_114' title='bbox 619 2266 736 2335; x_wconf 80' lang='lat' dir='ltr'><strong>damno.</strong></span> <span class='ocrx_word' id='word_1_115' title='bbox 757 2273 835 2335; x_wconf 88' lang='lat' dir='ltr'><strong>Nam</strong></span> <span class='ocrx_word' id='word_1_116' title='bbox 847 2281 967 2353; x_wconf 88' lang='lat' dir='ltr'><strong>praeter</strong></span> <span class='ocrx_word' id='word_1_117' title='bbox 980 2275 1116 2337; x_wconf 81' lang='lat' dir='ltr'><strong>Ocnrodi</strong></span> <span class='ocrx_word' id='word_1_118' title='bbox 1126 2276 1260 2357; x_wconf 84' lang='lat' dir='ltr'><strong>Schrop-</strong></span> 
     </span>
     <span class='ocr_line' id='line_1_19' title="bbox 364 2373 1259 2455; baseline 0.007 -22"><span class='ocrx_word' id='word_1_119' title='bbox 364 2375 407 2453; x_wconf 92' lang='lat' dir='ltr'><strong>pii</strong></span> <span class='ocrx_word' id='word_1_120' title='bbox 427 2373 659 2451; x_wconf 84' lang='lat' dir='ltr'><strong>patentissimam</strong></span> <span class='ocrx_word' id='word_1_121' title='bbox 681 2382 711 2433; x_wconf 88' lang='lat' dir='ltr'><strong>et</strong></span> <span class='ocrx_word' id='word_1_122' title='bbox 729 2373 995 2437; x_wconf 77' lang='lat' dir='ltr'><strong>dohannishdami</strong></span> <span class='ocrx_word' id='word_1_123' title='bbox 1004 2376 1121 2439; x_wconf 85' lang='lat' dir='ltr'><strong>llammi</strong></span> <span class='ocrx_word' id='word_1_124' title='bbox 1141 2376 1259 2455; x_wconf 71' lang='lat' dir='ltr'><strong>domoc,</strong></span> 
     </span>
    </p>
   </div>
   <div class='ocr_carea' id='block_1_5' title="bbox 364 2474 1374 2572">
    <p class='ocr_par' dir='ltr' id='par_1_5' title="bbox 364 2474 1374 2572">
     <span class='ocr_line' id='line_1_20' title="bbox 364 2474 1374 2572; baseline 0.004 -37"><span class='ocrx_word' id='word_1_125' title='bbox 364 2474 499 2555; x_wconf 83' lang='lat' dir='ltr'><strong>reliquae</strong></span> <span class='ocrx_word' id='word_1_126' title='bbox 530 2474 568 2535; x_wconf 86' lang='lat' dir='ltr'><strong>ed</strong></span> <span class='ocrx_word' id='word_1_127' title='bbox 598 2492 687 2534; x_wconf 90' lang='lat' dir='ltr'><strong>usum</strong></span> <span class='ocrx_word' id='word_1_128' title='bbox 717 2475 819 2553; x_wconf 91' lang='lat' dir='ltr'><strong>potius</strong></span> <span class='ocrx_word' id='word_1_129' title='bbox 845 2496 935 2558; x_wconf 88' lang='lat' dir='ltr'><strong>quam</strong></span> <span class='ocrx_word' id='word_1_130' title='bbox 964 2477 1105 2538; x_wconf 79' lang='lat' dir='ltr'><strong>decorem</strong></span> <span class='ocrx_word' id='word_1_131' title='bbox 1131 2476 1258 2539; x_wconf 80' lang='lat' dir='ltr'><strong>stabant</strong></span> <span class='ocrx_word' id='word_1_132' title='bbox 1373 2557 1374 2572; x_wconf 11' lang='grc' dir='ltr'>χ</span> 
     </span>
    </p>
   </div>
   <div class='ocr_carea' id='block_1_6' title="bbox 364 2574 1258 2655">
    <p class='ocr_par' dir='ltr' id='par_1_6' title="bbox 364 2574 1258 2655">
     <span class='ocr_line' id='line_1_21' title="bbox 364 2574 1258 2655; baseline 0.006 -18"><span class='ocrx_word' id='word_1_133' title='bbox 364 2574 603 2655; x_wconf 78' lang='lat' dir='ltr'><strong>Supellectilinm</strong></span> <span class='ocrx_word' id='word_1_134' title='bbox 633 2584 732 2635; x_wconf 81' lang='lat' dir='ltr'><strong>temen</strong></span> <span class='ocrx_word' id='word_1_135' title='bbox 765 2594 828 2637; x_wconf 92' lang='lat' dir='ltr'><strong>non</strong></span> <span class='ocrx_word' id='word_1_136' title='bbox 861 2577 939 2639; x_wconf 89' lang='lat' dir='ltr'><strong>levis</strong></span> <span class='ocrx_word' id='word_1_137' title='bbox 966 2577 1086 2654; x_wconf 85' lang='lat' dir='ltr'><strong>jactura</strong></span> <span class='ocrx_word' id='word_1_138' title='bbox 1119 2578 1258 2641; x_wconf 82' lang='lat' dir='ltr'><strong>dolorem</strong></span> 
     </span>
    </p>
   </div>
   <div class='ocr_carea' id='block_1_7' title="bbox 363 2674 1374 2858">
    <p class='ocr_par' dir='ltr' id='par_1_7' title="bbox 363 2661 1374 2858">
     <span class='ocr_line' id='line_1_22' title="bbox 364 2674 1257 2757; baseline 0.003 -19"><span class='ocrx_word' id='word_1_139' title='bbox 364 2676 459 2753; x_wconf 86' lang='lat' dir='ltr'><strong>auxit,</strong></span> <span class='ocrx_word' id='word_1_140' title='bbox 481 2695 557 2757; x_wconf 83' lang='lat' dir='ltr'><strong>quee</strong></span> <span class='ocrx_word' id='word_1_141' title='bbox 577 2674 779 2755; x_wconf 82' lang='lat' dir='ltr'><strong>indigentibus</strong></span> <span class='ocrx_word' id='word_1_142' title='bbox 800 2677 959 2739; x_wconf 87' lang='lat' dir='ltr'><strong>durissima</strong></span> <span class='ocrx_word' id='word_1_143' title='bbox 979 2696 1047 2738; x_wconf 85' lang='lat' dir='ltr'><strong>esse</strong></span> <span class='ocrx_word' id='word_1_144' title='bbox 1067 2676 1155 2741; x_wconf 84' lang='lat' dir='ltr'><strong>solet.</strong></span> <span class='ocrx_word' id='word_1_145' title='bbox 1195 2680 1257 2743; x_wconf 81' lang='lat' dir='ltr'><strong>Re-</strong></span> 
     </span>
     <span class='ocr_line' id='line_1_23' title="bbox 363 2776 1374 2858; baseline 0.002 -20"><span class='ocrx_word' id='word_1_146' title='bbox 363 2777 422 2839; x_wconf 89' lang='lat' dir='ltr'><strong>deo</strong></span> <span class='ocrx_word' id='word_1_147' title='bbox 443 2776 481 2837; x_wconf 92' lang='lat' dir='ltr'><strong>ad</strong></span> <span class='ocrx_word' id='word_1_148' title='bbox 501 2776 608 2839; x_wconf 86' lang='lat' dir='ltr'><strong>Hechti</strong></span> <span class='ocrx_word' id='word_1_149' title='bbox 628 2782 658 2837; x_wconf 87' lang='lat' dir='ltr'><strong>et</strong></span> <span class='ocrx_word' id='word_1_150' title='bbox 676 2776 814 2855; x_wconf 85' lang='lat' dir='ltr'><strong>Bengelii</strong></span> <span class='ocrx_word' id='word_1_151' title='bbox 835 2778 934 2841; x_wconf 87' lang='lat' dir='ltr'><strong>unitas</strong></span> <span class='ocrx_word' id='word_1_152' title='bbox 954 2778 1060 2852; x_wconf 83' lang='lat' dir='ltr'><strong>aedes,</strong></span> <span class='ocrx_word' id='word_1_153' title='bbox 1087 2797 1166 2858; x_wconf 85' lang='lat' dir='ltr'><strong>quae</strong></span> <span class='ocrx_word' id='word_1_154' title='bbox 1187 2799 1256 2842; x_wconf 90' lang='lat' dir='ltr'><strong>cum</strong></span> <span class='ocrx_word' id='word_1_155' title='bbox 1373 2785 1374 2802; x_wconf 66' lang='lat'>¹</span> 
     </span>
    </p>
   </div>
   <div class='ocr_carea' id='block_1_8' title="bbox 357 2876 1256 3364">
    <p class='ocr_par' dir='ltr' id='par_1_8' title="bbox 357 2876 1256 3364">
     <span class='ocr_line' id='line_1_24' title="bbox 362 2876 1256 2957; baseline 0.002 -18"><span class='ocrx_word' id='word_1_156' title='bbox 362 2877 481 2939; x_wconf 86' lang='lat' dir='ltr'><strong>maximi</strong></span> <span class='ocrx_word' id='word_1_157' title='bbox 500 2878 589 2957; x_wconf 88' lang='lat' dir='ltr'><strong>pretii</strong></span> <span class='ocrx_word' id='word_1_158' title='bbox 611 2876 828 2954; x_wconf 81' lang='lat' dir='ltr'><strong>surpellectilem</strong></span> <span class='ocrx_word' id='word_1_159' title='bbox 846 2898 949 2940; x_wconf 88' lang='lat' dir='ltr'><strong>secum</strong></span> <span class='ocrx_word' id='word_1_160' title='bbox 965 2878 1168 2955; x_wconf 83' lang='lat' dir='ltr'><strong>abstulissent,</strong></span> <span class='ocrx_word' id='word_1_161' title='bbox 1189 2886 1256 2941; x_wconf 84' lang='lat' dir='ltr'><strong>tan-</strong></span> 
     </span>
     <span class='ocr_line' id='line_1_25' title="bbox 361 2978 1255 3058; baseline 0.007 -19"><span class='ocrx_word' id='word_1_162' title='bbox 361 2979 431 3040; x_wconf 83' lang='lat' dir='ltr'><strong>dem</strong></span> <span class='ocrx_word' id='word_1_163' title='bbox 456 2984 637 3058; x_wconf 85' lang='lat' dir='ltr'><strong>pervagante</strong></span> <span class='ocrx_word' id='word_1_164' title='bbox 663 2978 837 3057; x_wconf 87' lang='lat' dir='ltr'><strong>contiguum</strong></span> <span class='ocrx_word' id='word_1_165' title='bbox 862 2980 1006 3042; x_wconf 89' lang='lat' dir='ltr'><strong>horreum</strong></span> <span class='ocrx_word' id='word_1_166' title='bbox 1032 2986 1063 3041; x_wconf 86' lang='lat' dir='ltr'><strong>et</strong></span> <span class='ocrx_word' id='word_1_167' title='bbox 1086 2980 1255 3058; x_wconf 83' lang='lat' dir='ltr'><strong>proximam</strong></span> 
     </span>
     <span class='ocr_line' id='line_1_26' title="bbox 359 3078 1254 3145; baseline 0.003 -3"><span class='ocrx_word' id='word_1_168' title='bbox 359 3079 499 3142; x_wconf 78' lang='lat' dir='ltr'><strong>Andreae</strong></span> <span class='ocrx_word' id='word_1_169' title='bbox 510 3078 683 3142; x_wconf 85' lang='lat' dir='ltr'><strong>Lauterhari</strong></span> <span class='ocrx_word' id='word_1_170' title='bbox 703 3078 894 3143; x_wconf 87' lang='lat' dir='ltr'><strong>multennelis</strong></span> <span class='ocrx_word' id='word_1_171' title='bbox 914 3079 987 3141; x_wconf 90' lang='lat' dir='ltr'><strong>olim</strong></span> <span class='ocrx_word' id='word_1_172' title='bbox 1006 3079 1118 3143; x_wconf 88' lang='lat' dir='ltr'><strong>aeditui</strong></span> <span class='ocrx_word' id='word_1_173' title='bbox 1129 3081 1254 3145; x_wconf 88' lang='lat' dir='ltr'><strong>domum</strong></span> 
     </span>
     <span class='ocr_line' id='line_1_27' title="bbox 358 3178 1253 3261; baseline 0.001 -16"><span class='ocrx_word' id='word_1_174' title='bbox 358 3184 459 3260; x_wconf 87' lang='lat' dir='ltr'><strong>clade,</strong></span> <span class='ocrx_word' id='word_1_175' title='bbox 484 3178 678 3261; x_wconf 87' lang='lat' dir='ltr'><strong>irreparabile</strong></span> <span class='ocrx_word' id='word_1_176' title='bbox 704 3179 845 3243; x_wconf 74' lang='lat' dir='ltr'><strong>damnum</strong></span> <span class='ocrx_word' id='word_1_177' title='bbox 869 3179 938 3241; x_wconf 88' lang='lat' dir='ltr'><strong>urbi</strong></span> <span class='ocrx_word' id='word_1_178' title='bbox 961 3180 1133 3244; x_wconf 81' lang='lat' dir='ltr'><strong>attulerunt</strong></span> <span class='ocrx_word' id='word_1_179' title='bbox 1174 3182 1253 3246; x_wconf 84' lang='lat' dir='ltr'><strong>Nam</strong></span> 
     </span>
     <span class='ocr_line' id='line_1_28' title="bbox 357 3279 1252 3364; baseline 0.001 -19"><span class='ocrx_word' id='word_1_180' title='bbox 357 3304 426 3347; x_wconf 89' lang='lat' dir='ltr'><strong>cum</strong></span> <span class='ocrx_word' id='word_1_181' title='bbox 445 3302 543 3364; x_wconf 92' lang='lat' dir='ltr'><strong>prope</strong></span> <span class='ocrx_word' id='word_1_182' title='bbox 564 3287 656 3345; x_wconf 89' lang='lat' dir='ltr'><strong>staret</strong></span> <span class='ocrx_word' id='word_1_183' title='bbox 675 3280 818 3360; x_wconf 85' lang='lat' dir='ltr'><strong>templum</strong></span> <span class='ocrx_word' id='word_1_184' title='bbox 834 3279 1063 3361; x_wconf 78' lang='lat' dir='ltr'><strong>angustissimae</strong></span> <span class='ocrx_word' id='word_1_185' title='bbox 1082 3289 1252 3346; x_wconf 85' lang='lat' dir='ltr'><strong>structurae</strong></span> 
     </span>
    </p>
   </div>
   <div class='ocr_carea' id='block_1_9' title="bbox 357 3380 1372 3466">
    <p class='ocr_par' dir='ltr' id='par_1_9' title="bbox 357 3380 1372 3466">
     <span class='ocr_line' id='line_1_29' title="bbox 357 3380 1372 3466; baseline -0.002 -19"><span class='ocrx_word' id='word_1_186' title='bbox 357 3405 434 3466; x_wconf 85' lang='lat' dir='ltr'><strong>opus</strong></span> <span class='ocrx_word' id='word_1_187' title='bbox 446 3385 595 3464; x_wconf 85' lang='lat' dir='ltr'><strong>Deiparae</strong></span> <span class='ocrx_word' id='word_1_188' title='bbox 612 3380 720 3459; x_wconf 76' lang='lat' dir='ltr'><strong>virgini</strong></span> <span class='ocrx_word' id='word_1_189' title='bbox 739 3383 886 3459; x_wconf 86' lang='lat' dir='ltr'><strong>majorum</strong></span> <span class='ocrx_word' id='word_1_190' title='bbox 904 3380 1101 3462; x_wconf 81' lang='lat' dir='ltr'><strong>persuasione</strong></span> <span class='ocrx_word' id='word_1_191' title='bbox 1120 3402 1250 3461; x_wconf 81' lang='lat' dir='ltr'><strong>sacrum,</strong></span> <span class='ocrx_word' id='word_1_192' title='bbox 1371 3423 1372 3456; x_wconf 50' lang='lat'>1</span> 
     </span>
    </p>
   </div>
   <div class='ocr_carea' id='block_1_10' title="bbox 353 3480 1249 3566">
    <p class='ocr_par' dir='ltr' id='par_1_10' title="bbox 353 3480 1249 3566">
     <span class='ocr_line' id='line_1_30' title="bbox 353 3480 1249 3566; baseline -0.006 -21"><span class='ocrx_word' id='word_1_193' title='bbox 353 3485 445 3547; x_wconf 89' lang='lat' dir='ltr'><strong>turris</strong></span> <span class='ocrx_word' id='word_1_194' title='bbox 464 3481 598 3566; x_wconf 84' lang='lat' dir='ltr'><strong>alioquin</strong></span> <span class='ocrx_word' id='word_1_195' title='bbox 619 3480 717 3543; x_wconf 89' lang='lat' dir='ltr'><strong>solido</strong></span> <span class='ocrx_word' id='word_1_196' title='bbox 738 3481 839 3561; x_wconf 88' lang='lat' dir='ltr'><strong>lapide</strong></span> <span class='ocrx_word' id='word_1_197' title='bbox 859 3488 974 3557; x_wconf 80' lang='lat' dir='ltr'><strong>erecta,</strong></span> <span class='ocrx_word' id='word_1_198' title='bbox 997 3483 1051 3543; x_wconf 92' lang='lat' dir='ltr'><strong>sed</strong></span> <span class='ocrx_word' id='word_1_199' title='bbox 1072 3483 1172 3562; x_wconf 83' lang='lat' dir='ltr'><strong>lignea</strong></span> <span class='ocrx_word' id='word_1_200' title='bbox 1191 3505 1249 3563; x_wconf 84' lang='lat' dir='ltr'><strong>py-</strong></span> 
     </span>
    </p>
   </div>
   <div class='ocr_carea' id='block_1_11' title="bbox 352 3623 549 3635">
    <p class='ocr_par' dir='ltr' id='par_1_11' title="bbox 352 3623 549 3635">
     <span class='ocr_line' id='line_1_31' title="bbox 352 3623 549 3635; baseline 0 0"><span class='ocrx_word' id='word_1_201' title='bbox 352 3623 549 3635; x_wconf 63' lang='lat'><em>*-——-·</em></span> 
     </span>
    </p>
   </div>
   <div class='ocr_carea' id='block_1_12' title="bbox 417 3694 719 3767">
    <p class='ocr_par' dir='ltr' id='par_1_12' title="bbox 417 3694 719 3767">
     <span class='ocr_line' id='line_1_32' title="bbox 417 3694 719 3767; baseline -0.017 -14"><span class='ocrx_word' id='word_1_202' title='bbox 417 3698 443 3767; x_wconf 72' lang='lat'><strong>⁴¹)</strong></span> <span class='ocrx_word' id='word_1_203' title='bbox 461 3698 544 3757; x_wconf 72' lang='lat' dir='ltr'><strong>aliast</strong></span> <span class='ocrx_word' id='word_1_204' title='bbox 563 3694 719 3751; x_wconf 84' lang='lat' dir='ltr'><strong>Suesslrind.</strong></span> 
     </span>
    </p>
   </div>
   <div class='ocr_carea' id='block_1_13' title="bbox 0 0 1518 4409">
    <p class='ocr_par' dir='ltr' id='par_1_13' title="bbox 0 0 1518 4409">
     <span class='ocr_line' id='line_1_33' title="bbox 0 0 1518 4409; baseline 0 7"><span class='ocrx_word' id='word_1_205' title='bbox 0 0 1518 4409; x_wconf 95' lang='lat' dir='ltr'><strong> </strong></span> 
     </span>
    </p>
   </div>
  </div>
 </body>
</html>
