<?xml version="1.0" encoding="UTF-8"?>
<!DOCTYPE html PUBLIC "-//W3C//DTD XHTML 1.0 Transitional//EN"
    "http://www.w3.org/TR/xhtml1/DTD/xhtml1-transitional.dtd">
<html xmlns="http://www.w3.org/1999/xhtml" xml:lang="en" lang="en">
 <head>
  <title>
</title>
<meta http-equiv="Content-Type" content="text/html;charset=utf-8" />
  <meta name='ocr-system' content='tesseract 3.04.00' />
  <meta name='ocr-capabilities' content='ocr_page ocr_carea ocr_par ocr_line ocrx_word'/>
</head>
<body>
  <div class='ocr_page' id='page_1' title='image "./ioannisvalentin00andrgoog_0092.png"; bbox 0 0 3025 4409; ppageno 0'>
   <div class='ocr_carea' id='block_1_1' title="bbox 348 487 970 561">
    <p class='ocr_par' dir='ltr' id='par_1_1' title="bbox 348 487 970 561">
     <span class='ocr_line' id='line_1_1' title="bbox 348 487 970 561; baseline -0.008 -17"><span class='ocrx_word' id='word_1_1' title='bbox 348 499 389 561; x_wconf 67' lang='lat'><strong>82</strong></span> <span class='ocrx_word' id='word_1_2' title='bbox 623 489 705 545; x_wconf 81' lang='lat' dir='ltr'><strong>Liber</strong></span> <span class='ocrx_word' id='word_1_3' title='bbox 723 488 752 543; x_wconf 95' lang='lat' dir='ltr'><strong>ll.</strong></span> <span class='ocrx_word' id='word_1_4' title='bbox 785 487 970 543; x_wconf 71' lang='lat' dir='ltr'><strong>tell-1620.</strong></span> 
     </span>
    </p>
   </div>
   <div class='ocr_carea' id='block_1_2' title="bbox 348 643 1249 1330">
    <p class='ocr_par' dir='ltr' id='par_1_2' title="bbox 348 643 1249 1330">
     <span class='ocr_line' id='line_1_2' title="bbox 349 643 1248 725; baseline -0.003 -15"><span class='ocrx_word' id='word_1_5' title='bbox 349 648 512 711; x_wconf 87' lang='lat' dir='ltr'><strong>amicorum</strong></span> <span class='ocrx_word' id='word_1_6' title='bbox 529 645 748 708; x_wconf 85' lang='lat' dir='ltr'><strong>secretissimus</strong></span> <span class='ocrx_word' id='word_1_7' title='bbox 765 644 894 705; x_wconf 81' lang='lat' dir='ltr'><strong>subinde</strong></span> <span class='ocrx_word' id='word_1_8' title='bbox 914 644 952 703; x_wconf 87' lang='lat' dir='ltr'><strong>ad</strong></span> <span class='ocrx_word' id='word_1_9' title='bbox 972 662 1021 704; x_wconf 91' lang='lat' dir='ltr'><strong>me</strong></span> <span class='ocrx_word' id='word_1_10' title='bbox 1035 643 1164 719; x_wconf 84' lang='lat' dir='ltr'><strong>divertit,</strong></span> <span class='ocrx_word' id='word_1_11' title='bbox 1186 666 1248 725; x_wconf 89' lang='lat' dir='ltr'><strong>qua</strong></span> 
     </span>
     <span class='ocr_line' id='line_1_3' title="bbox 350 744 1247 823; baseline -0.007 -12"><span class='ocrx_word' id='word_1_12' title='bbox 350 751 436 811; x_wconf 87' lang='lat' dir='ltr'><strong>etiarn</strong></span> <span class='ocrx_word' id='word_1_13' title='bbox 458 748 620 811; x_wconf 78' lang='lat' dir='ltr'><strong>occasione</strong></span> <span class='ocrx_word' id='word_1_14' title='bbox 640 744 771 807; x_wconf 86' lang='lat' dir='ltr'><strong>tabulam</strong></span> <span class='ocrx_word' id='word_1_15' title='bbox 793 764 877 805; x_wconf 89' lang='lat' dir='ltr'><strong>suam</strong></span> <span class='ocrx_word' id='word_1_16' title='bbox 898 745 1128 823; x_wconf 86' lang='lat' dir='ltr'><strong>geographicam</strong></span> <span class='ocrx_word' id='word_1_17' title='bbox 1141 746 1247 806; x_wconf 81' lang='lat' dir='ltr'><strong>conle-</strong></span> 
     </span>
     <span class='ocr_line' id='line_1_4' title="bbox 349 845 1248 929; baseline -0.004 -17"><span class='ocrx_word' id='word_1_18' title='bbox 349 851 404 912; x_wconf 88' lang='lat' dir='ltr'><strong>oit:</strong></span> <span class='ocrx_word' id='word_1_19' title='bbox 439 849 569 929; x_wconf 88' lang='lat' dir='ltr'><strong>denique</strong></span> <span class='ocrx_word' id='word_1_20' title='bbox 601 854 631 908; x_wconf 90' lang='lat' dir='ltr'><strong>et</strong></span> <span class='ocrx_word' id='word_1_21' title='bbox 658 846 728 906; x_wconf 81' lang='lat' dir='ltr'><strong>doh.</strong></span> <span class='ocrx_word' id='word_1_22' title='bbox 750 845 878 906; x_wconf 87' lang='lat' dir='ltr'><strong>Michael</strong></span> <span class='ocrx_word' id='word_1_23' title='bbox 904 845 1018 906; x_wconf 90' lang='lat' dir='ltr'><strong>Binder</strong></span> <span class='ocrx_word' id='word_1_24' title='bbox 1049 845 1248 908; x_wconf 76' lang='lat' dir='ltr'><strong>familiaritate</strong></span> 
     </span>
     <span class='ocr_line' id='line_1_5' title="bbox 349 945 1249 1013; baseline -0.006 0"><span class='ocrx_word' id='word_1_25' title='bbox 349 972 404 1013; x_wconf 90' lang='lat' dir='ltr'><strong>sua</strong></span> <span class='ocrx_word' id='word_1_26' title='bbox 424 948 580 1011; x_wconf 85' lang='lat' dir='ltr'><strong>recreavit.</strong></span> <span class='ocrx_word' id='word_1_27' title='bbox 629 945 812 1007; x_wconf 83' lang='lat' dir='ltr'><strong>Matrimonii</strong></span> <span class='ocrx_word' id='word_1_28' title='bbox 833 965 957 1005; x_wconf 87' lang='lat' dir='ltr'><strong>munera</strong></span> <span class='ocrx_word' id='word_1_29' title='bbox 977 945 1026 1005; x_wconf 86' lang='lat' dir='ltr'><strong>hio</strong></span> <span class='ocrx_word' id='word_1_30' title='bbox 1046 946 1102 1006; x_wconf 90' lang='lat' dir='ltr'><strong>tuli</strong></span> <span class='ocrx_word' id='word_1_31' title='bbox 1123 947 1249 1008; x_wconf 89' lang='lat' dir='ltr'><strong>Mariam</strong></span> 
     </span>
     <span class='ocr_line' id='line_1_6' title="bbox 349 1044 1249 1127; baseline -0.004 -14"><span class='ocrx_word' id='word_1_32' title='bbox 349 1050 449 1127; x_wconf 88' lang='grc'><strong>1616,</strong></span> <span class='ocrx_word' id='word_1_33' title='bbox 476 1050 526 1109; x_wconf 81' lang='grc'><strong>26.</strong></span> <span class='ocrx_word' id='word_1_34' title='bbox 545 1048 659 1123; x_wconf 89' lang='lat' dir='ltr'><strong>Martii,</strong></span> <span class='ocrx_word' id='word_1_35' title='bbox 688 1046 890 1107; x_wconf 75' lang='lat' dir='ltr'><strong>Concordiam</strong></span> <span class='ocrx_word' id='word_1_36' title='bbox 917 1044 1014 1121; x_wconf 82' lang='lat'><strong>1617,</strong></span> <span class='ocrx_word' id='word_1_37' title='bbox 1041 1047 1092 1106; x_wconf 75' lang='lat'><strong>29.</strong></span> <span class='ocrx_word' id='word_1_38' title='bbox 1110 1047 1194 1108; x_wconf 78' lang='lat' dir='ltr'><strong>lunii</strong></span> <span class='ocrx_word' id='word_1_39' title='bbox 1218 1055 1249 1109; x_wconf 88' lang='lat' dir='ltr'><strong>et</strong></span> 
     </span>
     <span class='ocr_line' id='line_1_7' title="bbox 348 1146 1249 1231; baseline -0.003 -19"><span class='ocrx_word' id='word_1_40' title='bbox 348 1154 495 1231; x_wconf 76' lang='lat' dir='ltr'><strong>Agnetem</strong></span> <span class='ocrx_word' id='word_1_41' title='bbox 519 1149 718 1211; x_wconf 85' lang='lat' dir='ltr'><strong>Elisabetham</strong></span> <span class='ocrx_word' id='word_1_42' title='bbox 743 1147 843 1222; x_wconf 82' lang='lat'><strong>1618,</strong></span> <span class='ocrx_word' id='word_1_43' title='bbox 872 1147 922 1207; x_wconf 86' lang='grc'><strong>18.</strong></span> <span class='ocrx_word' id='word_1_44' title='bbox 943 1146 1145 1225; x_wconf 83' lang='lat' dir='ltr'><strong>Septembris,</strong></span> <span class='ocrx_word' id='word_1_45' title='bbox 1173 1167 1249 1228; x_wconf 84' lang='lat' dir='ltr'><strong>quas</strong></span> 
     </span>
     <span class='ocr_line' id='line_1_8' title="bbox 350 1245 996 1330; baseline -0.006 -19"><span class='ocrx_word' id='word_1_46' title='bbox 350 1252 424 1313; x_wconf 87' lang='lat' dir='ltr'><strong>duas</strong></span> <span class='ocrx_word' id='word_1_47' title='bbox 445 1250 630 1330; x_wconf 88' lang='lat' dir='ltr'><strong>posteriores</strong></span> <span class='ocrx_word' id='word_1_48' title='bbox 651 1248 762 1308; x_wconf 88' lang='lat' dir='ltr'><strong>ibidem</strong></span> <span class='ocrx_word' id='word_1_49' title='bbox 782 1248 850 1307; x_wconf 86' lang='lat' dir='ltr'><strong>Deo</strong></span> <span class='ocrx_word' id='word_1_50' title='bbox 870 1245 996 1307; x_wconf 76' lang='lat' dir='ltr'><strong>reddid&#39;a</strong></span> 
     </span>
    </p>
   </div>
   <div class='ocr_carea' id='block_1_3' title="bbox 392 1345 1374 1429">
    <p class='ocr_par' dir='ltr' id='par_1_3' title="bbox 392 1345 1374 1429">
     <span class='ocr_line' id='line_1_9' title="bbox 392 1345 1374 1429; baseline -0.003 -18"><span class='ocrx_word' id='word_1_51' title='bbox 392 1350 548 1429; x_wconf 82' lang='lat' dir='ltr'><strong>Superest,</strong></span> <span class='ocrx_word' id='word_1_52' title='bbox 569 1357 603 1411; x_wconf 92' lang='lat' dir='ltr'><strong>nt</strong></span> <span class='ocrx_word' id='word_1_53' title='bbox 623 1346 803 1427; x_wconf 83' lang='lat' dir='ltr'><strong>colophonis</strong></span> <span class='ocrx_word' id='word_1_54' title='bbox 823 1346 894 1408; x_wconf 87' lang='lat' dir='ltr'><strong>loco</strong></span> <span class='ocrx_word' id='word_1_55' title='bbox 915 1346 1021 1407; x_wconf 92' lang='lat' dir='ltr'><strong>addam</strong></span> <span class='ocrx_word' id='word_1_56' title='bbox 1041 1346 1099 1407; x_wconf 89' lang='lat' dir='ltr'><strong>iter</strong></span> <span class='ocrx_word' id='word_1_57' title='bbox 1119 1345 1248 1409; x_wconf 86' lang='lat' dir='ltr'><strong>alterum</strong></span> <span class='ocrx_word' id='word_1_58' title='bbox 1373 1345 1374 1362; x_wconf 62' lang='lat'>¹</span> 
     </span>
    </p>
   </div>
   <div class='ocr_carea' id='block_1_4' title="bbox 338 1446 1250 3033">
    <p class='ocr_par' dir='ltr' id='par_1_4' title="bbox 338 1446 1250 3033">
     <span class='ocr_line' id='line_1_10' title="bbox 350 1446 1249 1531; baseline -0.006 -19"><span class='ocrx_word' id='word_1_59' title='bbox 350 1450 549 1525; x_wconf 81' lang='lat' dir='ltr'><strong>Austriaoum,</strong></span> <span class='ocrx_word' id='word_1_60' title='bbox 568 1450 651 1531; x_wconf 92' lang='lat' dir='ltr'><strong>quod</strong></span> <span class='ocrx_word' id='word_1_61' title='bbox 663 1448 788 1509; x_wconf 89' lang='lat' dir='ltr'><strong>invitatu</strong></span> <span class='ocrx_word' id='word_1_62' title='bbox 797 1446 973 1509; x_wconf 89' lang='lat' dir='ltr'><strong>Enenekelii</strong></span> <span class='ocrx_word' id='word_1_63' title='bbox 984 1453 1014 1507; x_wconf 88' lang='lat' dir='ltr'><strong>et</strong></span> <span class='ocrx_word' id='word_1_64' title='bbox 1023 1446 1249 1520; x_wconf 83' lang='lat' dir='ltr'><strong>llolrenlelderi,</strong></span> 
     </span>
     <span class='ocr_line' id='line_1_11' title="bbox 349 1548 1248 1630; baseline -0.004 -19"><span class='ocrx_word' id='word_1_65' title='bbox 349 1550 498 1630; x_wconf 86' lang='lat' dir='ltr'><strong>permissu</strong></span> <span class='ocrx_word' id='word_1_66' title='bbox 510 1549 655 1629; x_wconf 82' lang='lat' dir='ltr'><strong>principis</strong></span> <span class='ocrx_word' id='word_1_67' title='bbox 666 1548 732 1623; x_wconf 91' lang='lat' dir='ltr'><strong>mei,</strong></span> <span class='ocrx_word' id='word_1_68' title='bbox 752 1555 896 1625; x_wconf 88' lang='lat' dir='ltr'><strong>vergente</strong></span> <span class='ocrx_word' id='word_1_69' title='bbox 908 1567 989 1608; x_wconf 89' lang='lat' dir='ltr'><strong>auno</strong></span> <span class='ocrx_word' id='word_1_70' title='bbox 1000 1549 1092 1608; x_wconf 85' lang='grc'><strong>1619.</strong></span> <span class='ocrx_word' id='word_1_71' title='bbox 1104 1566 1248 1625; x_wconf 85' lang='lat' dir='ltr'><strong>suscepe-</strong></span> 
     </span>
     <span class='ocr_line' id='line_1_12' title="bbox 349 1646 1249 1732; baseline -0.002 -21"><span class='ocrx_word' id='word_1_72' title='bbox 349 1672 421 1713; x_wconf 89' lang='lat' dir='ltr'><strong>ram.</strong></span> <span class='ocrx_word' id='word_1_73' title='bbox 444 1650 581 1732; x_wconf 89' lang='lat' dir='ltr'><strong>Namque</strong></span> <span class='ocrx_word' id='word_1_74' title='bbox 593 1652 641 1711; x_wconf 87' lang='grc'><strong>16.</strong></span> <span class='ocrx_word' id='word_1_75' title='bbox 651 1646 777 1724; x_wconf 80' lang='lat' dir='ltr'><strong>Oct.⁸⁵)</strong></span> <span class='ocrx_word' id='word_1_76' title='bbox 799 1648 903 1709; x_wconf 89' lang='lat' dir='ltr'><strong>Ulmae</strong></span> <span class='ocrx_word' id='word_1_77' title='bbox 914 1667 1080 1709; x_wconf 81' lang='lat' dir='ltr'><strong>conscensa</strong></span> <span class='ocrx_word' id='word_1_78' title='bbox 1091 1667 1168 1707; x_wconf 88' lang='lat' dir='ltr'><strong>nave</strong></span> <span class='ocrx_word' id='word_1_79' title='bbox 1179 1668 1249 1709; x_wconf 87' lang='lat' dir='ltr'><strong>oum</strong></span> 
     </span>
     <span class='ocr_line' id='line_1_13' title="bbox 349 1748 1249 1830; baseline -0.003 -17"><span class='ocrx_word' id='word_1_80' title='bbox 349 1752 486 1814; x_wconf 88' lang='lat' dir='ltr'><strong>Linzium</strong></span> <span class='ocrx_word' id='word_1_81' title='bbox 507 1750 674 1830; x_wconf 88' lang='lat' dir='ltr'><strong>superioris</strong></span> <span class='ocrx_word' id='word_1_82' title='bbox 689 1748 829 1811; x_wconf 86' lang='lat' dir='ltr'><strong>Austriae</strong></span> <span class='ocrx_word' id='word_1_83' title='bbox 841 1748 944 1810; x_wconf 88' lang='lat' dir='ltr'><strong>nobile</strong></span> <span class='ocrx_word' id='word_1_84' title='bbox 956 1748 1100 1827; x_wconf 90' lang='lat' dir='ltr'><strong>oppidum</strong></span> <span class='ocrx_word' id='word_1_85' title='bbox 1111 1750 1249 1810; x_wconf 88' lang='lat' dir='ltr'><strong>seeundo</strong></span> 
     </span>
     <span class='ocr_line' id='line_1_14' title="bbox 348 1848 1250 1931; baseline -0.006 -16"><span class='ocrx_word' id='word_1_86' title='bbox 348 1852 471 1915; x_wconf 88' lang='lat' dir='ltr'><strong>llnmine</strong></span> <span class='ocrx_word' id='word_1_87' title='bbox 478 1851 595 1913; x_wconf 87' lang='lat' dir='ltr'><strong>delatus</strong></span> <span class='ocrx_word' id='word_1_88' title='bbox 607 1858 698 1931; x_wconf 91' lang='lat' dir='ltr'><strong>atque</strong></span> <span class='ocrx_word' id='word_1_89' title='bbox 709 1870 727 1911; x_wconf 86' lang='lat' dir='ltr'><strong>a</strong></span> <span class='ocrx_word' id='word_1_90' title='bbox 739 1869 802 1910; x_wconf 90' lang='lat' dir='ltr'><strong>rev.</strong></span> <span class='ocrx_word' id='word_1_91' title='bbox 818 1855 848 1910; x_wconf 89' lang='lat' dir='ltr'><strong>et</strong></span> <span class='ocrx_word' id='word_1_92' title='bbox 860 1848 974 1911; x_wconf 86' lang='lat' dir='ltr'><strong>clariss.</strong></span> <span class='ocrx_word' id='word_1_93' title='bbox 986 1848 1054 1909; x_wconf 88' lang='lat' dir='ltr'><strong>viro</strong></span> <span class='ocrx_word' id='word_1_94' title='bbox 1065 1848 1115 1909; x_wconf 92' lang='lat' dir='ltr'><strong>dn.</strong></span> <span class='ocrx_word' id='word_1_95' title='bbox 1122 1849 1250 1910; x_wconf 88' lang='lat' dir='ltr'><strong>Daniele</strong></span> 
     </span>
     <span class='ocr_line' id='line_1_15' title="bbox 350 1948 1249 2032; baseline -0.008 -15"><span class='ocrx_word' id='word_1_96' title='bbox 350 1954 485 2017; x_wconf 86' lang='lat' dir='ltr'><strong>llitzlero</strong></span> <span class='ocrx_word' id='word_1_97' title='bbox 499 1952 720 2032; x_wconf 89' lang='lat' dir='ltr'><strong>perhumaniter</strong></span> <span class='ocrx_word' id='word_1_98' title='bbox 732 1956 878 2029; x_wconf 87' lang='lat' dir='ltr'><strong>exceptus</strong></span> <span class='ocrx_word' id='word_1_99' title='bbox 892 1967 1000 2024; x_wconf 85' lang='lat' dir='ltr'><strong>essem,</strong></span> <span class='ocrx_word' id='word_1_100' title='bbox 1017 1948 1091 2010; x_wconf 90' lang='lat' dir='ltr'><strong>nihil</strong></span> <span class='ocrx_word' id='word_1_101' title='bbox 1100 1948 1185 2027; x_wconf 90' lang='lat' dir='ltr'><strong>prius</strong></span> <span class='ocrx_word' id='word_1_102' title='bbox 1195 1950 1249 2011; x_wconf 88' lang='lat' dir='ltr'><strong>ba·</strong></span> 
     </span>
     <span class='ocr_line' id='line_1_16' title="bbox 348 2047 1250 2135; baseline -0.009 -18"><span class='ocrx_word' id='word_1_103' title='bbox 348 2056 417 2131; x_wconf 92' lang='lat' dir='ltr'><strong>bui,</strong></span> <span class='ocrx_word' id='word_1_104' title='bbox 446 2072 535 2135; x_wconf 85' lang='lat' dir='ltr'><strong>quam</strong></span> <span class='ocrx_word' id='word_1_105' title='bbox 560 2070 637 2132; x_wconf 91' lang='lat' dir='ltr'><strong>quae</strong></span> <span class='ocrx_word' id='word_1_106' title='bbox 663 2051 694 2112; x_wconf 95' lang='lat' dir='ltr'><strong>in</strong></span> <span class='ocrx_word' id='word_1_107' title='bbox 716 2048 862 2111; x_wconf 86' lang='lat' dir='ltr'><strong>mandatis</strong></span> <span class='ocrx_word' id='word_1_108' title='bbox 881 2047 1038 2124; x_wconf 86' lang='lat' dir='ltr'><strong>haberem,</strong></span> <span class='ocrx_word' id='word_1_109' title='bbox 1064 2067 1250 2128; x_wconf 85' lang='lat' dir='ltr'><strong>exponerem</strong></span> 
     </span>
     <span class='ocr_line' id='line_1_17' title="bbox 349 2148 1249 2233; baseline -0.006 -18"><span class='ocrx_word' id='word_1_110' title='bbox 349 2156 512 2233; x_wconf 78' lang='lat' dir='ltr'><strong>literaeque</strong></span> <span class='ocrx_word' id='word_1_111' title='bbox 525 2148 714 2211; x_wconf 81' lang='lat' dir='ltr'><strong>concreditas</strong></span> <span class='ocrx_word' id='word_1_112' title='bbox 736 2151 904 2211; x_wconf 86' lang='lat' dir='ltr'><strong>redderem.</strong></span> <span class='ocrx_word' id='word_1_113' title='bbox 937 2148 1068 2210; x_wconf 88' lang='lat' dir='ltr'><strong>Gavisus</strong></span> <span class='ocrx_word' id='word_1_114' title='bbox 1088 2169 1126 2209; x_wconf 90' lang='lat' dir='ltr'><strong>ex</strong></span> <span class='ocrx_word' id='word_1_115' title='bbox 1147 2149 1249 2211; x_wconf 88' lang='lat' dir='ltr'><strong>animo</strong></span> 
     </span>
     <span class='ocr_line' id='line_1_18' title="bbox 352 2248 1249 2327; baseline -0.009 -11"><span class='ocrx_word' id='word_1_116' title='bbox 352 2262 398 2316; x_wconf 87' lang='lat' dir='ltr'><strong>est</strong></span> <span class='ocrx_word' id='word_1_117' title='bbox 425 2252 566 2315; x_wconf 89' lang='lat' dir='ltr'><strong>dominus</strong></span> <span class='ocrx_word' id='word_1_118' title='bbox 591 2248 744 2311; x_wconf 84' lang='lat' dir='ltr'><strong>llitzlerus</strong></span> <span class='ocrx_word' id='word_1_119' title='bbox 779 2251 827 2311; x_wconf 90' lang='lat' dir='ltr'><strong>vir</strong></span> <span class='ocrx_word' id='word_1_120' title='bbox 852 2250 890 2311; x_wconf 86' lang='lat' dir='ltr'><strong>de</strong></span> <span class='ocrx_word' id='word_1_121' title='bbox 916 2248 1044 2309; x_wconf 81' lang='lat' dir='ltr'><strong>ecelesia</strong></span> <span class='ocrx_word' id='word_1_122' title='bbox 1070 2250 1129 2310; x_wconf 89' lang='lat' dir='ltr'><strong>Dei</strong></span> <span class='ocrx_word' id='word_1_123' title='bbox 1156 2268 1249 2327; x_wconf 91' lang='lat' dir='ltr'><strong>supra</strong></span> 
     </span>
     <span class='ocr_line' id='line_1_19' title="bbox 351 2348 1249 2435; baseline -0.004 -20"><span class='ocrx_word' id='word_1_124' title='bbox 351 2374 440 2435; x_wconf 86' lang='lat' dir='ltr'><strong>quam</strong></span> <span class='ocrx_word' id='word_1_125' title='bbox 462 2350 522 2411; x_wconf 86' lang='lat' dir='ltr'><strong>diei</strong></span> <span class='ocrx_word' id='word_1_126' title='bbox 546 2356 648 2429; x_wconf 89' lang='lat' dir='ltr'><strong>potest</strong></span> <span class='ocrx_word' id='word_1_127' title='bbox 668 2348 823 2429; x_wconf 83' lang='lat' dir='ltr'><strong>solicitus,</strong></span> <span class='ocrx_word' id='word_1_128' title='bbox 846 2350 907 2413; x_wconf 88' lang='lat' dir='ltr'><strong>d.d.</strong></span> <span class='ocrx_word' id='word_1_129' title='bbox 924 2349 1135 2429; x_wconf 79' lang='lat' dir='ltr'><strong>theologorum</strong></span> <span class='ocrx_word' id='word_1_130' title='bbox 1155 2353 1249 2413; x_wconf 75' lang='lat' dir='ltr'><strong>Wiir=</strong></span> 
     </span>
     <span class='ocr_line' id='line_1_20' title="bbox 350 2448 1248 2530; baseline -0.001 -14"><span class='ocrx_word' id='word_1_131' title='bbox 350 2448 602 2530; x_wconf 80' lang='lat' dir='ltr'><strong>tombergensium</strong></span> <span class='ocrx_word' id='word_1_132' title='bbox 615 2448 798 2528; x_wconf 82' lang='lat' dir='ltr'><strong>vigilantiam</strong></span> <span class='ocrx_word' id='word_1_133' title='bbox 818 2472 887 2513; x_wconf 86' lang='lat' dir='ltr'><strong>oum</strong></span> <span class='ocrx_word' id='word_1_134' title='bbox 908 2450 971 2512; x_wconf 90' lang='lat' dir='ltr'><strong>suis</strong></span> <span class='ocrx_word' id='word_1_135' title='bbox 993 2448 1151 2513; x_wconf 88' lang='lat' dir='ltr'><strong>desideriis</strong></span> <span class='ocrx_word' id='word_1_136' title='bbox 1172 2471 1248 2515; x_wconf 84' lang='lat' dir='ltr'><strong>oon·</strong></span> 
     </span>
     <span class='ocr_line' id='line_1_21' title="bbox 351 2551 1247 2630; baseline -0.003 -14"><span class='ocrx_word' id='word_1_137' title='bbox 351 2553 483 2616; x_wconf 81' lang='lat' dir='ltr'><strong>currisse</strong></span> <span class='ocrx_word' id='word_1_138' title='bbox 508 2568 544 2611; x_wconf 88' lang='lat' dir='ltr'><strong>ao</strong></span> <span class='ocrx_word' id='word_1_139' title='bbox 568 2568 645 2630; x_wconf 88' lang='lat' dir='ltr'><strong>quae</strong></span> <span class='ocrx_word' id='word_1_140' title='bbox 672 2568 728 2627; x_wconf 90' lang='lat' dir='ltr'><strong>per</strong></span> <span class='ocrx_word' id='word_1_141' title='bbox 753 2551 856 2613; x_wconf 82' lang='lat' dir='ltr'><strong>literas</strong></span> <span class='ocrx_word' id='word_1_142' title='bbox 884 2551 1006 2629; x_wconf 86' lang='lat' dir='ltr'><strong>jamjam</strong></span> <span class='ocrx_word' id='word_1_143' title='bbox 1033 2551 1247 2630; x_wconf 83' lang='lat' dir='ltr'><strong>efflagitatums</strong></span> 
     </span>
     <span class='ocr_line' id='line_1_22' title="bbox 338 2648 1247 2732; baseline -0.004 -15"><span class='ocrx_word' id='word_1_144' title='bbox 338 2660 431 2717; x_wconf 79' lang='lat' dir='ltr'><strong>esset</strong></span> <span class='ocrx_word' id='word_1_145' title='bbox 457 2656 566 2730; x_wconf 87' lang='lat' dir='ltr'><strong>sponte</strong></span> <span class='ocrx_word' id='word_1_146' title='bbox 591 2648 759 2711; x_wconf 89' lang='lat' dir='ltr'><strong>advenisse.</strong></span> <span class='ocrx_word' id='word_1_147' title='bbox 796 2651 878 2713; x_wconf 87' lang='lat' dir='ltr'><strong>Nihil</strong></span> <span class='ocrx_word' id='word_1_148' title='bbox 899 2651 977 2712; x_wconf 91' lang='lat' dir='ltr'><strong>enim</strong></span> <span class='ocrx_word' id='word_1_149' title='bbox 997 2670 1094 2732; x_wconf 88' lang='lat' dir='ltr'><strong>aeque</strong></span> <span class='ocrx_word' id='word_1_150' title='bbox 1114 2671 1173 2713; x_wconf 90' lang='lat' dir='ltr'><strong>nos</strong></span> <span class='ocrx_word' id='word_1_151' title='bbox 1194 2653 1247 2713; x_wconf 79' lang='lat' dir='ltr'><strong>de</strong></span> 
     </span>
     <span class='ocr_line' id='line_1_23' title="bbox 351 2747 1246 2833; baseline -0.003 -16"><span class='ocrx_word' id='word_1_152' title='bbox 351 2773 437 2830; x_wconf 81' lang='lat' dir='ltr'><strong>cere,</strong></span> <span class='ocrx_word' id='word_1_153' title='bbox 463 2770 553 2833; x_wconf 87' lang='lat' dir='ltr'><strong>quam</strong></span> <span class='ocrx_word' id='word_1_154' title='bbox 579 2768 646 2810; x_wconf 88' lang='lat' dir='ltr'><strong>oum</strong></span> <span class='ocrx_word' id='word_1_155' title='bbox 665 2747 910 2814; x_wconf 84' lang='lat' dir='ltr'><strong>Calviniauorum</strong></span> <span class='ocrx_word' id='word_1_156' title='bbox 936 2753 1096 2832; x_wconf 85' lang='lat' dir='ltr'><strong>sagacitate</strong></span> <span class='ocrx_word' id='word_1_157' title='bbox 1123 2760 1154 2813; x_wconf 93' lang='lat' dir='ltr'><strong>et</strong></span> <span class='ocrx_word' id='word_1_158' title='bbox 1172 2772 1246 2832; x_wconf 91' lang='lat' dir='ltr'><strong>pro-</strong></span> 
     </span>
     <span class='ocr_line' id='line_1_24' title="bbox 350 2848 1246 2936; baseline -0.007 -16"><span class='ocrx_word' id='word_1_159' title='bbox 350 2851 506 2936; x_wconf 80' lang='lat' dir='ltr'><strong>spicientia</strong></span> <span class='ocrx_word' id='word_1_160' title='bbox 526 2856 651 2925; x_wconf 85' lang='lat' dir='ltr'><strong>certare,</strong></span> <span class='ocrx_word' id='word_1_161' title='bbox 672 2848 733 2913; x_wconf 91' lang='lat' dir='ltr'><strong>imo</strong></span> <span class='ocrx_word' id='word_1_162' title='bbox 754 2858 788 2913; x_wconf 85' lang='lat' dir='ltr'><strong>ut</strong></span> <span class='ocrx_word' id='word_1_163' title='bbox 808 2859 1027 2915; x_wconf 87' lang='lat' dir='ltr'><strong>antevertamns</strong></span> <span class='ocrx_word' id='word_1_164' title='bbox 1048 2872 1101 2913; x_wconf 84' lang='lat' dir='ltr'><strong>eas</strong></span> <span class='ocrx_word' id='word_1_165' title='bbox 1120 2860 1246 2915; x_wconf 85' lang='lat' dir='ltr'><strong>eonten-</strong></span> 
     </span>
     <span class='ocr_line' id='line_1_25' title="bbox 351 2949 1248 3033; baseline -0.004 -14"><span class='ocrx_word' id='word_1_166' title='bbox 351 2958 433 3019; x_wconf 86' lang='lat' dir='ltr'><strong>dere.</strong></span> <span class='ocrx_word' id='word_1_167' title='bbox 485 2949 598 3028; x_wconf 87' lang='lat' dir='ltr'><strong>Quidni</strong></span> <span class='ocrx_word' id='word_1_168' title='bbox 637 2950 730 3027; x_wconf 89' lang='lat' dir='ltr'><strong>enim,</strong></span> <span class='ocrx_word' id='word_1_169' title='bbox 768 2971 836 3013; x_wconf 86' lang='lat' dir='ltr'><strong>eum</strong></span> <span class='ocrx_word' id='word_1_170' title='bbox 867 2953 1023 3033; x_wconf 79' lang='lat' dir='ltr'><strong>religionis</strong></span> <span class='ocrx_word' id='word_1_171' title='bbox 1058 2954 1248 3033; x_wconf 86' lang='lat' dir='ltr'><strong>corruptelas</strong></span> 
     </span>
    </p>
   </div>
   <div class='ocr_carea' id='block_1_5' title="bbox 349 3048 1248 3535">
    <p class='ocr_par' dir='ltr' id='par_1_5' title="bbox 349 3048 1248 3535">
     <span class='ocr_line' id='line_1_26' title="bbox 350 3048 1248 3133; baseline -0.007 -14"><span class='ocrx_word' id='word_1_172' title='bbox 350 3053 491 3119; x_wconf 84' lang='lat' dir='ltr'><strong>masculis</strong></span> <span class='ocrx_word' id='word_1_173' title='bbox 518 3048 638 3131; x_wconf 85' lang='lat' dir='ltr'><strong>seriptis</strong></span> <span class='ocrx_word' id='word_1_174' title='bbox 663 3048 831 3131; x_wconf 84' lang='lat' dir='ltr'><strong>abigamus,</strong></span> <span class='ocrx_word' id='word_1_175' title='bbox 860 3054 995 3132; x_wconf 90' lang='lat' dir='ltr'><strong>ejusdem</strong></span> <span class='ocrx_word' id='word_1_176' title='bbox 1021 3052 1248 3133; x_wconf 89' lang='lat' dir='ltr'><strong>amplitudinem</strong></span> 
     </span>
     <span class='ocr_line' id='line_1_27' title="bbox 353 3150 1247 3236; baseline -0.003 -17"><span class='ocrx_word' id='word_1_177' title='bbox 353 3164 383 3219; x_wconf 90' lang='lat' dir='ltr'><strong>et</strong></span> <span class='ocrx_word' id='word_1_178' title='bbox 402 3150 649 3236; x_wconf 87' lang='lat' dir='ltr'><strong>propagationem</strong></span> <span class='ocrx_word' id='word_1_179' title='bbox 670 3170 850 3235; x_wconf 83' lang='lat' dir='ltr'><strong>quacunque</strong></span> <span class='ocrx_word' id='word_1_180' title='bbox 877 3162 960 3235; x_wconf 88' lang='lat' dir='ltr'><strong>patet</strong></span> <span class='ocrx_word' id='word_1_181' title='bbox 979 3154 1027 3216; x_wconf 90' lang='lat' dir='ltr'><strong>via</strong></span> <span class='ocrx_word' id='word_1_182' title='bbox 1047 3172 1247 3233; x_wconf 85' lang='lat' dir='ltr'><strong>procuremus</strong></span> 
     </span>
     <span class='ocr_line' id='line_1_28' title="bbox 352 3252 1246 3333; baseline -0.004 -14"><span class='ocrx_word' id='word_1_183' title='bbox 352 3265 382 3321; x_wconf 90' lang='lat' dir='ltr'><strong>et</strong></span> <span class='ocrx_word' id='word_1_184' title='bbox 401 3274 470 3317; x_wconf 84' lang='lat' dir='ltr'><strong>oum</strong></span> <span class='ocrx_word' id='word_1_185' title='bbox 489 3252 534 3315; x_wconf 94' lang='lat' dir='ltr'><strong>illi</strong></span> <span class='ocrx_word' id='word_1_186' title='bbox 554 3270 610 3330; x_wconf 91' lang='lat' dir='ltr'><strong>per</strong></span> <span class='ocrx_word' id='word_1_187' title='bbox 631 3270 737 3313; x_wconf 90' lang='lat' dir='ltr'><strong>omnes</strong></span> <span class='ocrx_word' id='word_1_188' title='bbox 759 3271 793 3313; x_wconf 88' lang='lat' dir='ltr'><strong>se</strong></span> <span class='ocrx_word' id='word_1_189' title='bbox 810 3253 900 3315; x_wconf 87' lang='lat' dir='ltr'><strong>rimas</strong></span> <span class='ocrx_word' id='word_1_190' title='bbox 921 3254 1087 3328; x_wconf 87' lang='lat' dir='ltr'><strong>insinuent,</strong></span> <span class='ocrx_word' id='word_1_191' title='bbox 1112 3272 1170 3314; x_wconf 92' lang='lat' dir='ltr'><strong>nos</strong></span> <span class='ocrx_word' id='word_1_192' title='bbox 1192 3274 1246 3333; x_wconf 87' lang='lat' dir='ltr'><strong>pa-</strong></span> 
     </span>
     <span class='ocr_line' id='line_1_29' title="bbox 350 3352 1245 3433; baseline -0.006 -14"><span class='ocrx_word' id='word_1_193' title='bbox 350 3357 487 3420; x_wconf 78' lang='lat' dir='ltr'><strong>telmtam</strong></span> <span class='ocrx_word' id='word_1_194' title='bbox 506 3352 565 3413; x_wconf 91' lang='lat' dir='ltr'><strong>Dei</strong></span> <span class='ocrx_word' id='word_1_195' title='bbox 586 3352 710 3429; x_wconf 84' lang='lat' dir='ltr'><strong>januam</strong></span> <span class='ocrx_word' id='word_1_196' title='bbox 729 3352 949 3431; x_wconf 81' lang='lat' dir='ltr'><strong>ingrediamur?</strong></span> <span class='ocrx_word' id='word_1_197' title='bbox 980 3356 1245 3433; x_wconf 80' lang='lat' dir='ltr'><strong>Peropportrmum</strong></span> 
     </span>
     <span class='ocr_line' id='line_1_30' title="bbox 349 3452 1244 3535; baseline -0.007 -14"><span class='ocrx_word' id='word_1_198' title='bbox 349 3476 425 3521; x_wconf 87' lang='lat' dir='ltr'><strong>vero</strong></span> <span class='ocrx_word' id='word_1_199' title='bbox 450 3455 509 3519; x_wconf 85' lang='lat' dir='ltr'><strong>boo</strong></span> <span class='ocrx_word' id='word_1_200' title='bbox 534 3459 670 3533; x_wconf 88' lang='lat' dir='ltr'><strong>tempore</strong></span> <span class='ocrx_word' id='word_1_201' title='bbox 696 3452 857 3515; x_wconf 89' lang='lat' dir='ltr'><strong>adventum</strong></span> <span class='ocrx_word' id='word_1_202' title='bbox 877 3473 976 3516; x_wconf 90' lang='lat' dir='ltr'><strong>meum</strong></span> <span class='ocrx_word' id='word_1_203' title='bbox 997 3474 1080 3531; x_wconf 88' lang='lat' dir='ltr'><strong>esse,</strong></span> <span class='ocrx_word' id='word_1_204' title='bbox 1108 3473 1171 3535; x_wconf 89' lang='lat' dir='ltr'><strong>quo</strong></span> <span class='ocrx_word' id='word_1_205' title='bbox 1193 3473 1244 3515; x_wconf 92' lang='lat' dir='ltr'><strong>or-</strong></span> 
     </span>
    </p>
   </div>
   <div class='ocr_carea' id='block_1_6' title="bbox 351 3587 544 3601">
    <p class='ocr_par' dir='ltr' id='par_1_6' title="bbox 351 3587 544 3601">
     <span class='ocr_line' id='line_1_31' title="bbox 351 3587 544 3601; baseline -0.005 -2"><span class='ocrx_word' id='word_1_206' title='bbox 351 3587 544 3601; x_wconf 65' lang='grc' dir='ltr'><strong>-ι--ι-..μ--νπ-</strong></span> 
     </span>
    </p>
   </div>
   <div class='ocr_carea' id='block_1_7' title="bbox 415 3660 968 3736">
    <p class='ocr_par' dir='ltr' id='par_1_7' title="bbox 415 3660 968 3736">
     <span class='ocr_line' id='line_1_32' title="bbox 415 3660 968 3736; baseline 0.005 -21"><span class='ocrx_word' id='word_1_207' title='bbox 415 3660 446 3731; x_wconf 64' lang='grc'><strong>6)</strong></span> <span class='ocrx_word' id='word_1_208' title='bbox 463 3660 531 3716; x_wconf 75' lang='lat' dir='ltr'><strong>(lod.</strong></span> <span class='ocrx_word' id='word_1_209' title='bbox 548 3668 572 3720; x_wconf 83' lang='grc' dir='ltr'><strong>Α</strong></span> <span class='ocrx_word' id='word_1_210' title='bbox 588 3670 617 3720; x_wconf 90' lang='lat' dir='ltr'><strong>et</strong></span> <span class='ocrx_word' id='word_1_211' title='bbox 632 3664 668 3718; x_wconf 88' lang='lat' dir='ltr'><strong>B:</strong></span> <span class='ocrx_word' id='word_1_212' title='bbox 690 3680 773 3732; x_wconf 80' lang='lat' dir='ltr'><strong>aare,</strong></span> <span class='ocrx_word' id='word_1_213' title='bbox 790 3666 823 3724; x_wconf 91' lang='grc'><strong>16</strong></span> <span class='ocrx_word' id='word_1_214' title='bbox 839 3666 968 3736; x_wconf 82' lang='lat' dir='ltr'><strong>ejusdem.</strong></span> 
     </span>
    </p>
   </div>
   <div class='ocr_carea' id='block_1_8' title="bbox 0 0 1520 4409">
    <p class='ocr_par' dir='ltr' id='par_1_8' title="bbox 0 0 1520 4409">
     <span class='ocr_line' id='line_1_33' title="bbox 0 0 1520 4409; baseline 0 0"><span class='ocrx_word' id='word_1_215' title='bbox 0 0 1520 4409; x_wconf 95' lang='lat' dir='ltr'><strong> </strong></span> 
     </span>
    </p>
   </div>
  </div>
 </body>
</html>
