3025 4409
338 498 400 560 214
609 491 692 546 Liber
709 492 741 544 V.
778 491 963 548 roto-tota.

339 650 409 710 binc
428 649 621 711 contractius.
654 649 807 730 Sanguine
828 647 876 709 hic
897 645 1011 727 pluisse
1034 651 1083 709 15.
1097 649 1184 725 Nou,
1208 661 1240 712 ot

342 750 479 832 sequenti
494 752 666 812 rotonam
678 758 787 812 motam
803 769 880 823 esse,
896 749 980 810 testis
999 749 1065 828 ipsc
1080 769 1159 811 sum:
1174 771 1239 831 quo

343 851 452 926 omine,
468 850 531 910 dies
550 850 678 913 docebit
713 851 760 912 Ab
777 849 920 929 hybernis
931 851 994 927 jam
1008 849 1080 911 satis
1092 851 1239 912 malorum

344 959 390 1012 est
411 959 441 1012 et
460 952 667 1032 frequentibus
688 950 927 1028 incursionibus,
955 952 1106 1012 deteriora
1126 959 1242 1013 avertat

344 1053 429 1112 Deus
450 1052 706 1114 clementissimus.
748 1051 880 1128 Aula[m]
908 1049 1091 1130 Stuttgardia
1112 1053 1241 1114 Kircho-

241 1151 245 1158 “
345 1151 524 1229 Tcocium*)
536 1160 715 1213 transactam
721 1159 806 1214 recto
818 1171 855 1212 an
862 1151 984 1213 sinistro
998 1151 1136 1226 consilio,
1148 1171 1241 1214 even-

345 1259 395 1313 tus
411 1253 456 1313 rei
467 1252 616 1332 probabit.
645 1255 744 1334 Atque
755 1253 805 1314 hic
817 1252 915 1314 octavi
926 1252 1004 1314 vitae
1015 1271 1099 1313 meae
1109 1273 1165 1332 per
1177 1254 1242 1315 ior·

346 1360 437 1413 tunae
453 1353 533 1413 vices
551 1351 709 1415 eluctantis
724 1355 886 1434 septenarii
900 1353 1045 1414 terminus
1062 1361 1137 1430 esto,
1152 1375 1242 1436 quem

347 1453 476 1531 Augusti
502 1451 632 1514 nominis
653 1455 789 1533 auspicio
811 1453 973 1533 consigno,
1002 1460 1035 1514 ut
1063 1473 1130 1515 oum
1152 1455 1241 1517 fatale

348 1551 419 1613 mibi
446 1556 503 1615 boc
529 1561 562 1613 ut
582 1552 742 1631 plurimum
769 1555 873 1629 suerit,
901 1553 970 1614 albo
997 1553 1103 1615 natabs
1129 1563 1160 1615 et
1180 1575 1242 1616 ma·

347 1652 525 1713 trimouialis
552 1653 611 1713 mei
636 1660 703 1715 atro
729 1654 937 1716 emortualium
964 1673 1099 1716 meorum
1126 1655 1242 1717 dierum

349 1752 467 1814 calculo
488 1755 666 1830 notandum,
688 1755 718 1814 id
739 1773 834 1834 porro
857 1754 985 1833 Augusti
1006 1755 1157 1834 principis,
1178 1757 1243 1816 heri

350 1853 407 1914 mei
416 1855 602 1916 memorabili
620 1856 657 1915 ad
675 1855 880 1935 posteritatem
895 1855 1080 1932 iiberalitate,
1103 1863 1243 1937 tanquam

349 1955 421 2017 felix
454 1959 644 2037 faustumque
680 1957 773 2034 sydus
807 1954 933 2016 familiae
965 1975 1048 2016 meae
1085 1959 1242 2031 inseratur,

350 2057 433 2136 quod
453 2056 510 2135 piis
529 2057 670 2136 precibus
691 2057 841 2136 rectisque
863 2057 971 2118 officiis
993 2058 1057 2137 ipsa
1073 2067 1241 2120 veneretur.

349 2157 453 2218 Jesum
478 2172 553 2218 vero
581 2155 733 2219 Christum
763 2156 821 2217 Dei
847 2163 876 2216 et
902 2156 1014 2216 Mariae
1040 2158 1134 2219 filium
1165 2160 1244 2220 vitae

351 2275 435 2317 meae
455 2257 588 2336 regulam
610 2265 770 2334 ettotam,
797 2264 838 2332 ut,
860 2258 943 2337 quod
964 2257 1027 2332 tuit,
1049 2267 1137 2338 tegat,
1160 2261 1243 2341 quod

352 2357 409 2417 erit
428 2359 563 2434 posthac,
584 2370 669 2439 regat
687 2358 786 2420 adsui
806 2357 936 2419 nominis
952 2357 1077 2435 gloriam
1099 2365 1129 2420 et
1150 2379 1243 2421 meam

351 2465 502 2517 aeternam
523 2459 658 2534 salutem,
679 2466 744 2520 toto
765 2459 864 2519 auimo
886 2441 1004 2536 precor.

394 2557 517 2619 Amicos
545 2557 614 2619 dum
641 2558 689 2620 hic
715 2578 797 2634 sum,
831 2578 867 2619 ex
896 2558 965 2619 aula
991 2566 1020 2620 et
1048 2559 1132 2620 curia
1155 2579 1243 2622 ncuro

352 2679 370 2718 a
391 2676 438 2719 me
459 2659 599 2740 requirat,
622 2658 674 2720 ubi
687 2657 852 2720 amicorum
869 2659 959 2739 plena
974 2667 1044 2721 sunt
1061 2659 1169 2736 omnia,
1191 2662 1245 2722 sed

352 2777 474 2839 eorum,
490 2761 543 2841 qui
558 2758 708 2821 blanditiis
722 2759 819 2838 primi,
835 2760 915 2821 veris
932 2760 1040 2821 officiis
1056 2759 1152 2821 ultimi
1168 2769 1245 2822 suut

352 2859 388 2921 Si
413 2861 485 2941 quid
510 2868 607 2921 tamen
633 2859 703 2920 mihi
729 2861 817 2921 odori
848 2879 955 2922 seusus
982 2860 1060 2922 inest
1085 2861 1245 2922 Ascanium

352 2962 529 3038 Borckium‚
559 2960 749 3022 Stramclinm
771 2961 969 3022 Pomeranum
990 2961 1140 3040 quondam
1161 2962 1245 3042 prin-

354 3061 429 3141 cipis
449 3063 514 3124 heri
534 3063 688 3142 ephorum,
716 3068 747 3123 et
767 3061 938 3123 Mauritium
964 3059 1164 3123 Croneccium
1186 3061 1245 3123 Ca·

354 3162 484 3239 nntium,
506 3163 649 3242 principis
665 3161 890 3238 cubicularium,
911 3161 1011 3241 prisca
1028 3181 1169 3242 germana
1185 3163 1245 3224 fide

356 3272 386 3326 et
398 3265 530 3340 virtute,
557 3263 636 3324 huuc
658 3264 744 3325 etiam
767 3263 941 3337 christiana,
968 3263 1021 3324 sad
1041 3271 1070 3324 et
1087 3262 1157 3324 coll.
1172 3263 1200 3324 J.
1216 3264 1244 3324 J.

354 3418 553 3428 ———

404 3494 434 3562 ⁴t)
453 3491 551 3546 ectu:
567 3490 663 3545 Aulam
675 3491 842 3562 sruttgardia
853 3491 956 3548 Kircbo
964 3492 1116 3547 -iecoium
1128 3492 1246 3547 15-22.

355 3576 487 3632 Decemb.
503 3575 670 3631 translatum.
971 3598 973 3602 ·
