3025 4409
336 448 397 512 1oe
603 438 686 497 nisa
701 438 745 498 tv.
782 436 967 498 ibeo-rtet.

336 618 405 660 men
427 596 548 660 Christo
569 594 703 675 propitio
730 597 769 658 ad
790 595 884 676 ipsius
911 592 1025 658 natales
1052 596 1158 676 terias,
1188 603 1240 664 cui

337 699 486 762 obnoxias
510 702 611 777 grates
633 696 787 762 solvimus.
834 695 990 758 Oalamnm
1009 696 1070 758 boc
1091 703 1157 760 toto
1179 700 1240 761 dif-

337 800 410 863 licili
434 806 571 880 tempore
597 799 754 861 recondidi
779 798 838 860 nisi
858 799 942 881 quod
961 796 1087 860 Davidis
1108 799 1240 880 Magatri

337 903 457 983 genium
479 899 675 964 domesticum
696 900 836 963 officioso
857 901 966 963 affectu
984 899 1141 962 delineavi.
1174 902 1239 964 Au-

338 1024 391 1067 sus
412 1005 534 1086 quidem
554 1023 592 1066 ex
612 1001 768 1065 voluntate
778 1001 908 1083 Augusti
920 1001 1123 1081 Luneburgiei
1140 1008 1171 1064 et
1182 1004 1238 1066 Er-

341 1107 420 1169 nesti
432 1104 503 1182 ¹⁸¹)
525 1105 676 1168 Saxoniae
695 1101 883 1183 principum,
904 1103 1057 1166 annitente
1078 1103 1239 1181 Sauberto,

338 1206 462 1288 quidde
475 1207 567 1269 blatii.
582 1204 720 1266 Maiiardi
732 1201 814 1282 ¹⁶²),
833 1203 1018 1286 sigismundi
1028 1204 1134 1267 Evenii
1148 1213 1178 1268 et
1190 1206 1239 1269 Jo.

337 1308 453 1369 Duraei
478 1306 578 1388 magni
596 1305 741 1367 momenti
765 1305 900 1368 consiliis
921 1305 1079 1384 sentirem,
1104 1327 1240 1370 commu·

339 1408 457 1484 nicare,
485 1408 539 1470 sed
564 1408 652 1486 enjus
678 1405 768 1468 telam
792 1407 936 1470 liberiore
957 1408 1028 1470 loco
1051 1415 1081 1470 et
1101 1413 1239 1489 tempore

339 1509 553 1590 pertexendam
575 1508 701 1588 abripui.
748 1509 797 1570 De
819 1509 945 1587 salario,
973 1515 1045 1590 post
1066 1509 1163 1572 varias
1184 1531 1238 1572 cu-

340 1609 506 1673 cullionum
523 1609 745 1672 ludificationes
768 1617 798 1673 et
819 1610 943 1692 plenum
963 1609 1091 1691 perjurii
1114 1629 1149 1672 ae
1163 1610 1239 1673 levi-

339 1711 408 1774 tatis
422 1710 607 1774 monachalis
624 1712 836 1793 testimonium,
854 1711 1003 1775 solvende
1015 1709 1149 1774 liberalis
1167 1732 1238 1793 spes

339 1813 411 1875 mihi
435 1813 473 1876 ab
499 1814 584 1877 urbis
605 1820 712 1878 senatu
740 1816 817 1878 iacta
838 1820 898 1892 est,
926 1811 976 1874 cui
1003 1811 1169 1892 explendae
1190 1835 1239 1877 se=

339 1920 465 1979 cuturus
486 1937 582 1979 annus
603 1917 763 1997 deputatus
783 1923 838 1992 est,
858 1916 1016 1991 incertum,
1037 1931 1075 1976 ex
1092 1923 1239 1979 renovato

339 2037 492 2081 armorum
507 2038 658 2082 concursu
675 2017 772 2100 qualis
788 2018 916 2079 iuturus.
944 2016 1032 2078 Hunc
1052 2015 1174 2098 quidem
1194 2018 1240 2080 di-

338 2119 410 2182 vino
441 2120 590 2184 beneficio
620 2119 858 2200 praeterlapsum
887 2139 924 2182 ex
952 2117 1139 2182 facilioribus
1164 2119 1239 2184 meis

339 2223 568 2284 numeraverim.

380 2322 462 2385 Anni
481 2330 553 2404 post
571 2323 758 2404 trigesimum
779 2321 897 2402 septimi
910 2321 1077 2402 auspicium
1094 2321 1132 2386 Α.
1146 2323 1240 2386 Hoel-

340 2422 436 2486 aelius
456 2423 538 2501 tulit,
560 2425 613 2506 qni
631 2443 669 2485 ex
685 2429 769 2486 tanto
786 2423 945 2486 intervallo
964 2425 1004 2488 ad
1019 2423 1175 2488 amicitiam
1191 2446 1240 2490 re·

340 2526 408 2603 diit,
432 2527 524 2588 animi
543 2545 583 2586 an
605 2533 755 2588 extremae
775 2525 955 2605 indigentiae
975 2533 1061 2590 motu
1079 2527 1237 2607 incertum,

340 2647 430 2711 quem
449 2626 580 2690 libenter
605 2629 716 2691 veteris
737 2628 970 2690 necessitudinis
989 2648 1106 2692 memor
1127 2630 1238 2712 recepi,

340 2737 371 2792 et
390 2737 535 2810 quantum
555 2731 586 2792 in
607 2751 654 2793 me
673 2732 730 2794 suit
747 2732 816 2812 opis
834 2731 998 2796 sublevavi.
1032 2729 1239 2813 Comparuere

340 2832 428 2894 etiam
447 2831 499 2893 alii
517 2838 589 2912 post
608 2833 685 2896 alios
703 2833 792 2895 amici
805 2834 832 2895 J.
844 2834 902 2896 Ad.
914 2833 1038 2898 'lessius
1052 2833 1238 2915 llamburgo,

339 2933 381 2995 Μ.
400 2935 609 3016 Bemeggerus
629 2934 794 3015 Argentina
821 2942 850 2998 et
877 2957 950 3018 prae
977 2935 1043 2999 aliis
1072 2933 1172 2998 calido
1190 2936 1238 2998 ai-

339 3033 421 3097 ieetu
440 3035 512 3098 nob.
528 3035 685 3114 Wensius,
707 3038 812 3121 quiin
834 3057 933 3102 meum
954 3036 1130 3116 subsidium,
1152 3038 1237 3120 quie-

340 3135 412 3219 quid
438 3137 630 3218 imperarem,
655 3139 820 3202 liberaliter
840 3139 950 3202 obtulit
978 3146 1009 3204 et
1033 3139 1072 3202 ad
1100 3160 1134 3204 se
1155 3141 1238 3204 omni

339 3238 532 3302 contentione
552 3239 695 3304 invitavit.
733 3243 852 3304 Interea
866 3243 947 3306 cives
966 3241 1025 3305 mei
1045 3233 1129 3324 quod
1149 3243 1181 3306 in
1201 3261 1236 3306 se

338 3347 523 3422 receperant,
541 3340 653 3404 biennii
669 3349 700 3406 et
713 3344 797 3427 quod
813 3345 945 3409 excurrit
959 3344 1141 3427 stipendium
1153 3344 1235 3408 bona

337 3443 399 3506 tide
420 3442 630 3523 exsolverunt,
651 3447 733 3509 omni
751 3446 841 3510 laude
863 3448 953 3529 digni,
979 3447 1123 3530 quicquid
1143 3447 1233 3510 etiam

339 3563 378 3607 ex
398 3552 519 3612 senatus
542 3546 641 3612 livore
666 3547 723 3612 tuit
741 3567 906 3630 aspersum.
949 3547 1027 3614 Cum
1047 3567 1122 3614 vero
1144 3549 1232 3614 dere·
