3025 4409
471 443 585 519 Augusti
601 443 811 502 Bruuavlaausls
830 441 982 504 clamantia.
1119 453 1179 518 197

285 627 304 668 a
324 603 434 668 salario
454 604 514 666 lroc
534 608 600 665 toto
614 601 745 665 triennio
763 601 923 685 quicquam
945 601 1011 684 opis
1030 603 1183 667 sufficien-

188 772 191 778 ,
282 708 321 770 tis
350 712 430 783 erat,
464 705 548 787 quod
575 709 719 766 centenos
746 705 881 767 florenos
915 710 944 766 et
974 706 1184 787 quadragenos

280 808 331 870 vix
354 813 536 881 excesserat,
556 826 620 870 uon
641 807 732 869 unius
754 805 838 868 oboli
859 806 1058 868 accidentaria
1071 806 1183 870 libera·

276 909 361 971 litate
389 907 557 985 suffultum,
585 907 617 969 id
643 909 725 989 quod
751 907 802 968 vix
830 907 900 968 alibi
926 907 1016 970 fidem
1042 907 1181 987 inveniat,

278 1009 396 1072 tantillo
423 1009 529 1089 precio
558 1014 657 1070 tantos
683 1028 719 1069 ao
745 1029 843 1089 prope
871 1009 1034 1074 immensos
1060 1009 1182 1075 labores

278 1114 373 1176 fuisse
394 1111 521 1174 locatos'.
556 1110 628 1174 Non
648 1110 747 1172 minus
770 1117 869 1172 tamen
889 1111 979 1173 aedes
996 1131 1079 1176 meae
1096 1115 1182 1196 quasi

280 1213 435 1295 publicum
457 1213 620 1294 hospitium
641 1211 841 1290 ambientium,
864 1213 1088 1294 negotiantium,
1107 1197 1187 1278 soli-¹

279 1315 434 1377 citantium
462 1315 759 1396 exspectantiumque
781 1313 923 1377 clientum
944 1316 1044 1395 fuere,
1071 1317 1181 1400 quibus

279 1417 420 1479 fovendis
447 1435 629 1498 generorum
655 1435 792 1478 meorum
825 1416 992 1480 humanitas
1019 1417 1182 1499 plurimum

279 1517 417 1581 contulit.
470 1519 588 1579 Interea
615 1537 683 1580 cum
715 1518 747 1579 in
773 1517 960 1580 sublevando
987 1517 1097 1582 illustri
1128 1520 1181 1583 sti-

278 1617 407 1699 pendio,
436 1616 629 1680 tumulando
651 1617 807 1680 fatiscente
833 1617 997 1681 ministerio
1019 1619 1181 1700 plurimum

279 1725 436 1802 astatque
458 1725 581 1781 strenue
601 1716 770 1780 laboratum
792 1739 830 1798 eo
853 1725 975 1795 eventu,
997 1727 1031 1782 ut
1052 1722 1180 1786 collecta

278 1841 337 1904 per
357 1839 477 1884 omnem
498 1821 638 1882 ducatum
659 1820 737 1900 stipe
756 1821 839 1881 3000
853 1820 883 1882 fl.
899 1820 1090 1884 alumnorum
1104 1843 1180 1886 con-

278 1923 387 2000 victui,
410 1923 493 1984 2500
514 1920 639 2002 egestati
660 1922 876 1997 ministrorum,
899 1921 951 2004 qui
971 1942 1098 1987 numero
1120 1925 1179 1986 cir-

278 2025 357 2088 citer
377 2025 439 2086 000
460 2024 555 2100 fuere,
578 2023 733 2100 cesserint,
753 2022 804 2084 alii
824 2023 907 2084 3000
928 2023 958 2087 fl.
979 2024 1049 2101 alio,
1073 2031 1107 2088 ut
1127 2045 1179 2088 so-

278 2127 338 2203 let,
373 2123 509 2187 abierint.
556 2123 736 2203 [mperatum
762 2131 860 2185 umen
887 2124 1029 2205 agricolis
1057 2130 1118 2203 est,
1146 2132 1181 2189 ut

279 2228 392 2292 fundos
412 2228 478 2306 jam
504 2223 617 2306 ubique
642 2226 847 2306 sylvescentes
876 2231 906 2288 et
931 2225 1087 2306 publicos,
1121 2247 1178 2290 suo

279 2328 393 2412 quique
413 2329 500 2401 loco,
527 2326 642 2405 pastori
668 2333 752 2388 certo
780 2346 908 2389 numero
937 2333 967 2388 et
987 2326 1104 2389 ratione
1126 2348 1180 2392 co-

279 2431 394 2502 lerent,
416 2427 500 2510 quod
520 2427 674 2490 nonnullis
695 2428 774 2489 benc
795 2428 893 2505 vertit,
916 2429 1032 2491 scilicet
1051 2429 1104 2492 ubi
1123 2431 1179 2493 mi-

279 2551 339 2594 nus
356 2527 527 2593 solitudinis
545 2534 576 2588 et
591 2523 755 2609 junltilceti
772 2548 809 2589 ex
820 2529 941 2609 publica
956 2530 1042 2592 clade
1057 2531 1178 2596 factum.

278 2631 407 2710 Majoris
427 2649 503 2693 vero
524 2627 726 2718 contentionis
747 2629 811 2706 fuit,
834 2632 917 2712 quod
930 2631 1089 2714 aliquoties
1110 2653 1179 2695 cum

279 2732 408 2796 simonia
432 2731 595 2795 bacchante
628 2729 859 2812 ecclesiamque
873 2753 941 2794 cum
966 2733 1078 2794 ambitu
1103 2733 1178 2796 infe-

278 2840 386 2910 stante,
407 2838 470 2896 tum
490 2832 671 2896 facinorosis
684 2832 765 2892 haud
780 2833 883 2912 paucis
905 2833 1102 2896 obli-odendis
1117 2856 1179 2896 ma-

279 2936 414 3011 culante,
442 2937 552 2998 acriter
577 2941 668 3016 atque
693 2933 839 3012 singulari
865 2935 966 2996 duello
994 2937 1043 2998 25.
1056 2937 1129 3016 Maji
1151 2943 1181 2999 et

281 3040 312 3098 6.
325 3036 456 3116 Augusti
480 3038 536 3102 fuit
560 3035 798 3116 confligendum,
826 3037 912 3115 cujus
942 3057 977 3100 ea
1005 3038 1060 3100 fuit
1083 3039 1180 3119 impu-

282 3141 397 3217 dantia,
423 3145 458 3202 ut
472 3138 536 3217 jam
556 3139 607 3202 vix
627 3138 685 3201 nisi
705 3135 788 3200 uibili
809 3137 979 3202 hominibus
1000 3147 1090 3222 atque
1110 3161 1180 3204 cru-

284 3243 330 3304 dia
357 3247 439 3305 esset
463 3241 567 3318 locus,
600 3239 688 3302 bouis
714 3239 886 3302 innocentia
910 3241 976 3320 ipsa
1003 3241 1034 3304 in
1062 3241 1181 3322 culpam

283 3349 462 3406 verteretur.
504 3342 623 3424 Quibus
643 3342 781 3405 arcendis
803 3341 876 3423 quid
896 3342 1090 3420 obtinuerim,
1116 3361 1181 3404 non

284 3445 379 3508 ausim
400 3444 619 3525 pronunciare,
642 3465 709 3507 cum
732 3443 890 3505 etiamnum
911 3443 941 3504 in
963 3444 1055 3505 herba
1074 3442 1180 3522 anguis

286 3545 415 3625 deliteat,
426 3545 521 3627 prima
534 3565 653 3628 quaque
664 3545 835 3623 occasione,
847 3541 970 3630 Apap²⁰
980 3542 1009 3620 ¹)
1028 3543 1181 3608 annitente
