3025 4409
319 438 321 441 Ι
408 479 562 553 Collegium
579 476 809 537 mathematicum.
845 478 1030 538 Colluctaoea.
1129 489 1169 552 41

271 642 338 723 gius
361 638 488 703 Besoldi
504 639 628 714 iratres,
652 638 810 714 wmarus,
830 638 971 701 Falokius
991 660 1061 701 cum
1078 639 1173 702 alum-

272 746 321 805 nis
351 741 487 817 dnobus,
519 738 669 819 Georgius
696 738 935 819 Christophorus
961 740 1173 802 Schallenber-

273 845 358 925 gius,
399 843 553 922 Sylvester
585 841 818 920 Braunsohweig
855 849 886 902 et
915 837 1038 903 lohann'
1066 842 1174 905 Jacob.

274 946 406 1022 Winter,
428 943 718 1023 Stubenbergiorum
727 945 882 1005 Beronum
901 944 1058 1024 inspector
1080 950 1173 1021 erant,

276 1054 308 1109 et
320 1039 473 1128 ¹quicquid
494 1049 597 1106 curtae
618 1044 834 1125 suppellectilis
852 1046 1075 1107 mathematicae
1091 1064 1175 1107 meae

221 1126 225 1135 ’
276 1154 344 1209 erat
362 1148 443 1209 bona
464 1146 523 1207 fide
545 1145 779 1224 communicavi,
802 1166 841 1207 ex
862 1166 923 1227 quo
944 1167 1011 1209 mea
1032 1146 1175 1209 collecta-

275 1246 398 1326 neam)
419 1248 482 1309 aeri
502 1246 605 1323 incisa,
628 1253 696 1308 nata
717 1256 795 1310 sunt.
835 1248 953 1309 Exinde
974 1269 1086 1329 magna·
1103 1268 1178 1311 cou-

277 1349 409 1412 suetudo
431 1370 499 1409 oum
512 1348 709 1430 Offenburgio
732 1356 895 1425 contracta,
918 1371 995 1431 quae
1017 1351 1178 1413 etiamnum

276 1451 375 1513 durat.
407 1450 582 1512 Aretissima
601 1471 675 1513 vero
698 1451 880 1513 familiaritas
898 1454 1016 1517 Wensii
1037 1454 1101 1532 tuit,
1124 1474 1177 1517 cu-

271 1554 328 1632 jus
357 1552 539 1615 oblivionem
566 1554 649 1615 nulla
676 1561 757 1616 aetas
784 1554 907 1617 adferet.
955 1556 1053 1635 Hujus
1075 1557 1190 1619 conci-¹

276 1653 402 1716 liatione
434 1655 567 1737 ligneum
601 1657 687 1717 etiam
719 1656 796 1717 illud
829 1674 941 1736 corpus
972 1659 1115 1720 movendi
1150 1664 1180 1721 et

276 1755 358 1835 agile
377 1756 522 1820 reddendi
544 1758 719 1820 exercitium
740 1758 908 1819 institutum
931 1766 985 1837 est,
1008 1760 1180 1822 continente

278 1878 390 1937 magno
412 1878 538 1921 numero
561 1860 656 1921 nobili
678 1862 853 1937 J'uventute,
884 1880 960 1940 quae
981 1880 1031 1922 res
1052 1861 1179 1939 ludicra,
1214 1864 1218 1869 ’

280 1980 374 2039 supra
396 1980 484 2023 omne
507 1963 618 2024 serium
640 1961 771 2023 studium
792 1960 931 2039 proficua
951 1962 1022 2022 mihi
1038 1962 1101 2023 fuit.
1123 1964 1180 2024 ilio

279 2063 385 2124 mundi
405 2083 481 2125 mos.
531 2065 596 2144 Ego
627 2083 699 2125 vero
725 2064 786 2141 jam
807 2062 888 2123 unde
912 2063 1077 2125 liberaliter
1096 2063 1181 2125 vive-

278 2186 360 2244 rem,
395 2166 455 2227 imo
485 2172 515 2228 et
547 2165 655 2247 quibus
682 2166 714 2226 in
740 2185 811 2226 aere
838 2166 966 2244 ineram,
1003 2166 1074 2229 satis
1100 2168 1181 2228 sace-

279 2288 347 2330 rem
376 2274 466 2350 atque
500 2268 530 2328 in
544 2252 546 2259 ¹
562 2268 696 2329 futurum
727 2268 799 2329 milri
829 2270 1051 2350 prospicerem,
1090 2290 1183 2351 supra

282 2392 403 2433 omnem
430 2390 514 2451 spem
542 2390 638 2431 meam
665 2370 785 2431 abunde
807 2370 911 2448 habui,
944 2375 1031 2452 cujus
1058 2372 1183 2453 gratiam

282 2474 475 2535 admirandae
502 2473 561 2534 Dei
591 2472 798 2551 providentiae
827 2474 934 2536 debeo.
990 2458 1075 2537 Fecit
1099 2475 1184 2537 iude-

282 2578 364 2639 iessa
393 2596 458 2637 mea
486 2574 601 2655 opera,
622 2582 656 2637 ut
676 2576 780 2656 plures
801 2576 880 2637 bene
900 2577 1013 2639 vellent
1033 2585 1123 2660 atque
1145 2598 1183 2640 ex

284 2678 439 2742 nobilibus
471 2678 697 2759 Heimburgius,
732 2679 979 2754 Miinchhausins,
1012 2679 1184 2759 Egloffstei-

282 2783 340 2859 nii,
368 2780 419 2842 alii
447 2782 673 2864 eorundemque
698 2782 916 2859 conductorem
944 2781 1094 2863 aquibus
1115 2804 1185 2846 cum

282 2884 470 2967 frequentius
499 2903 619 2945 mensae
653 2884 685 2944 iu
718 2884 828 2945 illustri
858 2884 988 2965 collegio
1015 2884 1183 2963 adhiberer,

283 2987 401 3049 facilius
429 2986 575 3065 frugalem
599 2986 681 3047 illam
708 2985 847 3066 stipendii
874 2986 1009 3048 toleravi.
1063 2988 1125 3050 Sed
1155 2994 1185 3050 et

283 3089 508 3153 Haienrefferus
531 3089 770 3152 conversationis
797 3088 941 3168 pristinae
961 3109 1077 3150 memor
1097 3090 1184 3153 ideu-

283 3194 377 3255 tidem
410 3192 567 3254 convivam
601 3192 704 3253 habuit
742 3198 772 3254 et
807 3196 913 3253 contra
945 3191 1077 3257 Hiemeri
1108 3196 1186 3258 iuvi·
1242 3241 1247 3249 «

285 3295 364 3356 diam
376 3291 431 3370 63)
452 3294 592 3357 defendit.
635 3294 706 3356 Non
730 3301 830 3356 tamen
850 3295 971 3376 impune
991 3298 1069 3358 hanc
1089 3296 1185 3358 felici-

285 3404 377 3461 tatem
392 3397 458 3474 tuli,
479 3416 548 3459 uam
565 3418 614 3459 me
634 3398 726 3460 febris
744 3399 854 3461 ardens
871 3400 1091 3480 propemodum
1111 3418 1186 3479 pro-

288 3501 460 3578 stravisset,
489 3500 548 3563 nisi
573 3500 663 3563 Hessi
688 3500 761 3561 mei.
776 3499 852 3563 fides
881 3511 911 3563 et
936 3501 1044 3582 peritia
1070 3499 1187 3562 medica

288 3602 490 3667 sustinuisset.
533 3602 614 3665 Inter
635 3603 709 3665 haec
728 3622 797 3665 oum
818 3602 925 3673 studiis
945 3602 1019 3665 meis
1040 3600 1134 3663 sacris
1153 3601 1185 3663 iu
