3025 4409
279 488 391 542 Lutlreri
409 494 437 541 ct
453 487 565 541 Petrum
585 485 677 539 lectio.
719 486 889 539 Diaccnatus
907 487 1107 557 Vailiingensis.
1139 497 1182 555 43

277 666 348 705 num
371 654 401 705 et
423 645 570 705 variarum
592 643 747 722 ambagum
770 645 807 704 ad
829 643 933 704 aetatis
948 664 1045 725 usque
1059 648 1109 708 28.
1125 667 1177 707 an-

276 767 349 805 num
375 746 519 806 terminus
547 752 628 818 esto,
656 745 743 820 cnjus
769 744 886 823 puerile
908 746 1041 823 spacium
1063 748 1177 807 morbis
1280 752 1288 765 “

277 848 457 921 obnoxium,
480 846 698 920 adolescentia,
721 865 798 924 quae
818 846 1022 923 orphanorum
1043 866 1125 923 sors,
1148 857 1178 907 et

277 948 402 1026 egestati
425 956 453 1007 et
476 946 611 1009 servituti
633 946 767 1023 objecta,
785 947 929 1022 juventus
948 946 1038 1007 variis
1060 954 1090 1008 et
1109 968 1176 1008 mo-

276 1049 364 1109 lestis
390 1048 544 1109 laboribus
572 1055 602 1107 et
623 1046 779 1107 itineribus
801 1046 940 1125 impedita
961 1047 1030 1123 fuit,
1059 1048 1178 1108 fortuna

276 1150 455 1230 plerumque
470 1148 632 1221 novercali,
655 1147 812 1225 penatibus
827 1168 916 1227 quam
931 1147 1106 1226 alienigenis
1121 1149 1177 1209 du-

276 1250 424 1325 rioribus,
452 1249 555 1309 amicis
584 1256 680 1307 tamen
709 1246 837 1307 subinde
863 1247 1104 1322 sublevantibus,
1131 1248 1177 1308 in-

276 1348 368 1429 genio
386 1350 423 1409 ad
445 1368 550 1409 omnes
572 1348 654 1409 vices
676 1346 843 1409 obfirmato.
887 1350 971 1424 Quae
991 1368 1041 1408 res
1055 1348 1113 1408 uisi
1127 1369 1177 1408 ca-

275 1449 347 1509 lidis
374 1446 514 1527 precibus
543 1454 572 1507 et
601 1446 727 1507 humidis
753 1447 931 1527 singultibus
954 1457 1093 1509 constare
1114 1468 1176 1510 non

275 1550 386 1629 potuit.
438 1547 556 1607 Gratias
588 1556 686 1609 autem
719 1568 808 1627 quam
839 1538 980 1609 maximas
1011 1549 1079 1608 Deo
1106 1568 1175 1609 meo

276 1650 391 1723 debeo,
426 1648 477 1728 qui
504 1648 643 1726 (torporis
672 1648 835 1710 afflictione
863 1649 1054 1709 sobrietatem
1078 1649 1176 1729 impo-

277 1750 351 1825 suit,
373 1747 462 1809 auimi
484 1748 683 1809 teneritudine
706 1750 874 1827 pudicitiam
895 1748 1037 1809 illibatam
1051 1755 1176 1810 cunser-

275 1849 371 1924 vavit,
407 1850 461 1909 sed
493 1848 580 1911 etiam
607 1849 808 1928 intempestivi
833 1856 965 1928 atquea
995 1868 1091 1927 scopo
1118 1870 1176 1911 sno

275 1951 367 2013 alieui
400 1950 542 2011 connubii
570 1950 700 2028 capistro
729 1956 834 2030 quater
858 1949 970 2025 injecto
998 1949 1176 2010 innocenter

276 2050 451 2131 expedivit,
483 2051 587 2111 luxum
620 2049 782 2129 indigentia
822 2049 977 2122 coercuit,
1011 2048 1178 2127 curiositati

274 2151 500 2212 amaritudinem
529 2150 688 2212 immiscuit
717 2149 915 2231 plurimisque
944 2149 1010 2210 aliis
1041 2149 1119 2210 vitae
1147 2159 1177 2211 et

274 2254 416 2313 fortunae
442 2250 586 2331 periculis
615 2250 738 2329 eripuit,
768 2252 856 2327 cujus
883 2250 1124 2313 conciliationem
1146 2261 1176 2313 et

275 2373 343 2413 mea
365 2363 396 2412 et
422 2352 583 2413 multorum
607 2350 749 2429 opinione
770 2351 872 2411 matris
892 2370 976 2411 meae
996 2350 1055 2430 piis
1075 2360 1106 2412 et
1125 2372 1174 2413 ar·

246 2522 249 2531 ,
275 2452 418 2515 dentibus
440 2450 708 2532 supplicationibus
729 2450 826 2512 libens
847 2452 955 2513 merito
976 2451 1086 2513 tribuo.
