3025 4409
343 507 403 565 142
606 497 689 550 biber
705 497 750 550 lv,
786 497 967 554 tout-1639.

340 656 495 718 interclusi
515 673 659 731 essemus,
679 652 806 732 primum
828 654 1011 716 clementium
1025 654 1149 716 victoris
1167 663 1233 714 ten-

340 766 404 818 tare
425 758 534 829 visum,
561 756 631 816 inde
650 755 760 816 oborta
780 757 1039 830 consternatione,
1066 761 1149 816 retro
1173 773 1232 815 nos

340 861 371 919 in
391 863 552 937 praerupte
571 877 607 916 ac
628 876 737 916 saxosa
757 855 857 916 denuo
878 857 1044 917 recondere
1056 856 1112 916 luit
1126 875 1233 916 neces-

340 980 417 1020 sum.
458 959 536 1018 llinc
560 957 696 1036 palantes
721 955 809 1016 acin
830 955 1004 1044 minutiores
1026 958 1166 1017 cohortes
1188 957 1233 1016 di-

339 1061 411 1134 visi,
441 1079 499 1137 ego
519 1058 639 1139 quidem
660 1057 744 1118 solus
771 1077 839 1117 cum
863 1063 973 1135 nepote
1001 1077 1038 1117 ex
1059 1059 1150 1118 fratre
1178 1058 1233 1118 Jo-

340 1163 447 1234 hanne,
462 1161 558 1220 losue
573 1166 603 1219 et
620 1157 684 1218 filio
697 1147 830 1218 Gottlieb
850 1156 880 1216 in
899 1159 1048 1236 profunda
1065 1158 1144 1218 valle
1154 1159 1233 1219 Lan-

338 1261 482 1322 terbaehii
506 1260 545 1320 ad
572 1258 726 1338 limpidum
751 1258 848 1319 rivum
874 1257 904 1318 in
931 1259 1088 1338 campestri
1121 1261 1234 1321 horreo

338 1362 443 1422 delitui
466 1363 512 1421 15.
526 1361 608 1439 Sept
649 1360 693 1420 Ee
712 1380 775 1421 nox
801 1378 915 1420 summa
936 1358 1024 1418 enimi
1045 1366 1075 1419 et
1095 1361 1233 1440 corporis

338 1462 441 1542 quiete
459 1469 536 1535 acta,
558 1460 607 1521 eui
624 1468 654 1520 et
674 1461 767 1521 altera
785 1458 893 1533 addite,
916 1459 969 1519 sed
981 1467 1094 1520 mutato
1107 1461 1138 1521 in
1151 1461 1233 1522 alind

339 1565 481 1624 borreum
502 1561 648 1640 bospitio,
675 1561 787 1622 victum
812 1560 1021 1638 suppeditante
1043 1563 1132 1622 Petro
1154 1581 1232 1642 quo-

340 1666 409 1725 dam
422 1663 555 1724 Schiillio
575 1683 668 1743 supra
686 1663 864 1742 sylvestrem
882 1661 971 1721 fidem
987 1682 1004 1721 a
1019 1682 1067 1721 me
1084 1663 1231 1723 ornando.

342 1765 443 1826 'lertio
461 1764 509 1824 die
529 1764 689 1824 credulitas
706 1763 795 1824 nobis
811 1762 1028 1841 propemodum
1045 1762 1141 1822 fraudi
1159 1762 1231 1824 fnis-

338 1873 395 1941 set,
417 1885 485 1926 cnm
504 1865 721 1944 Gerspachium
742 1864 842 1926 lactati
862 1862 913 1922 vix
933 1863 1027 1924 bostis
1050 1883 1151 1924 casses
1168 1863 1231 1924 evi-

338 1968 473 2030 tavimus.
504 1966 572 2026 Jam
592 1969 671 2028 enim
689 1964 828 2026 omnibns
850 1963 885 2024 iis
905 1963 1045 2038 latibulis,
1066 1963 1118 2023 ubi
1132 1963 1232 2024 Ober-

337 2067 499 2142 stenrothi,
520 2066 737 2146 llrlpolsavise,
760 2063 977 2138 Reichentholi,
997 2062 1233 2138 Weissenbachi,

338 2166 566 2248 Langenbrandi
587 2173 617 2226 et
636 2167 705 2225 binc
724 2165 794 2224 inde
816 2163 885 2224 alibi
906 2163 1018 2242 ingenti
1038 2181 1163 2224 numero
1185 2164 1232 2224 di-

338 2270 437 2350 spersi
451 2266 640 2346 degebamus,
662 2265 787 2326 insidiae
803 2264 891 2325 nobis
908 2269 1040 2325 structae
1055 2269 1140 2323 erant
1156 2282 1231 2324 con-

339 2370 437 2430 ductis
456 2365 650 2427 venatoribus
671 2365 873 2426 saltuosornm
894 2365 1030 2426 locorum
1044 2363 1157 2442 peritis,
1179 2364 1232 2445 qui

339 2489 446 2530 canum
465 2464 603 2544 indagine
623 2484 681 2525 nos
701 2472 941 2545 assequerentur.
983 2467 1122 2541 Quorum
1141 2485 1230 2544 prae-

340 2571 409 2630 dam
433 2585 491 2628 nos
517 2565 623 2644 procul
649 2565 751 2626 videre
775 2566 869 2626 luctui
888 2565 976 2628 simul
999 2571 1028 2625 et
1048 2565 1230 2628 documento

340 2669 403 2731 fuit.
436 2666 583 2728 Redditus
600 2665 711 2726 colono
731 2685 810 2741 meo,
832 2667 917 2744 cujus
937 2687 1017 2728 uxor
1036 2666 1230 2746 parturiebat,

339 2774 459 2830 noctem
481 2767 648 2828 insomnem
673 2766 744 2836 duxi
764 2765 905 2847 horisque
925 2775 995 2828 ente
1014 2767 1112 2827 lucem
1134 2767 1230 2829 tribus

338 2867 484 2930 montium
510 2868 626 2947 fastigia
645 2887 800 2943 emensus,
827 2867 1001 2929 sublimibus
1027 2874 1057 2928 et
1082 2866 1147 2928 imis
1166 2867 1230 2928 val-

338 2971 418 3031 libus
438 2968 586 3048 superatis
600 2967 640 3028 ad
654 2967 869 3030 Rebstockium
883 2969 966 3043 redii,
987 2968 1039 3049 qui
1053 2989 1121 3028 cum
1134 2967 1230 3029 filiolo

338 3089 407 3131 mec
428 3069 609 3130 Ebrenreicb
632 3088 722 3149 quem
748 3071 932 3130 credideram
958 3069 1108 3130 Hoffstetti
1133 3087 1230 3150 aeque

340 3170 411 3232 exul
432 3171 500 3250 egit
529 3169 599 3229 lam
613 3169 787 3249 elangueret
802 3170 913 3231 filiolus
926 3169 1046 3248 frigoris
1067 3177 1098 3230 et
1112 3170 1230 3231 inediae

338 3271 507 3352 impatiens,
533 3290 624 3350 quem
645 3269 783 3330 Christus
808 3269 924 3349 placide
943 3277 1101 3330 evocatum
1121 3271 1228 3332 mentis

339 3382 369 3434 et
389 3372 467 3434 coeli
483 3369 613 3431 libertati
631 3370 760 3431 reddidit
780 3371 829 3431 20.
847 3371 940 3449 Sept,
962 3389 1029 3430 cum
1049 3371 1141 3449 paulo
1158 3379 1229 3433 ante

338 3473 551 3536 discessissem.
584 3471 814 3532 Revocabantur
831 3472 909 3542 euim
924 3469 1047 3532 Calvam
1065 3471 1229 3540 amicorum

337 3572 431 3637 literis
451 3573 538 3656 qnasi
558 3572 647 3634 rebus
668 3571 809 3653 undique,
830 3579 972 3652 quantum
993 3581 1110 3652 tempus
1126 3575 1228 3651 ferret,
