3025 4409
548 498 703 555 incendium
722 496 913 568 Vaibiogeuse.
1139 512 1183 571 ω

280 659 350 721 satis
380 658 551 720 diuturnam
579 676 708 730 moram,
737 676 825 737 quam
853 655 982 736 chirurgi
1003 660 1094 720 aedes
1115 667 1181 721 bam

278 760 366 839 plane
389 767 542 834 recentes,
565 766 626 819 tum
646 758 755 819 adusto
777 756 848 818 vino
869 756 1019 839 variisque
1040 780 1177 839 unguen-

279 862 316 921 tis
338 868 370 921 et
391 860 467 921 oleis
490 859 639 920 delibutae
660 857 822 932 iaciebant,
844 858 964 918 tandem
983 854 1035 920 ab!
1057 859 1176 921 tandem

277 962 426 1039 respirare
448 968 485 1020 vct
517 967 615 1039 gratas
646 958 683 1018 ad
716 957 821 1019 coelos
851 979 959 1021 manns
985 960 1176 1040 quantumvis

276 1062 355 1121 inter
379 1080 492 1140 prunas
521 1070 550 1120 et
576 1079 676 1121 meros
704 1058 839 1121 clibanos
866 1060 1005 1122 attollere
1031 1058 1173 1138 permisit.

276 1160 461 1222 Audiebatur
485 1162 563 1221 inter
588 1162 661 1221 baec
689 1160 793 1239 quinta
817 1161 950 1221 matutini
977 1163 1065 1238 bora,
1096 1181 1173 1242 quae

275 1282 394 1323 anona
414 1260 513 1322 noctis
540 1280 601 1341 qno
629 1260 756 1320 horrore
783 1267 969 1339 exspectata,
997 1282 1057 1341 qua
1081 1262 1173 1323 tardi-

275 1369 333 1423 tate
364 1362 497 1436 venerit,
535 1379 624 1421 tremo
657 1368 794 1441 quaerat,
831 1360 890 1421 nisi
917 1361 1055 1423 lacrimas
1085 1362 1171 1435 velit3

274 1481 363 1523 nemo
396 1462 453 1524 sibi
486 1462 646 1543 quidquam
679 1462 779 1522 anino
810 1460 973 1539 concipiat,
1004 1463 1063 1524 uisi
1088 1464 1171 1544 qnod

273 1565 429 1624 humanam
456 1582 553 1643 prope
579 1562 767 1623 tolerantiam
795 1561 921 1623 excedit.
964 1562 1064 1624 Elian!
1097 1572 1174 1644 quot

271 1662 396 1724 aedibus
422 1662 536 1725 interea
562 1662 698 1725 vicinitas
726 1663 846 1724 nocuit?
877 1682 951 1743 quas
976 1664 1112 1725 flammae
1131 1664 1170 1725 ab

271 1765 445 1843 importuno
472 1772 564 1823 vento
597 1763 712 1823 delatae
740 1763 967 1843 amplectentes,
997 1784 1087 1844 aegra
1112 1785 1170 1827 nec

270 1886 401 1947 unquam
422 1864 536 1945 absque
557 1864 666 1945 insigni
687 1863 812 1938 damno,
841 1863 1044 1925 dimittebant?
1085 1866 1170 1941 Quot

270 1966 399 2045 parietes
431 1966 593 2044 perforati?
629 1974 706 2027 tecta
738 1964 875 2025 effracta?
905 1965 1055 2025 lenestrae
1084 1984 1168 2025 com-

271 2067 418 2128 minutae?
444 2067 555 2144 januae
582 2076 612 2127 et
632 2067 737 2129 valvae
764 2064 932 2125 ambustae?
965 2064 1032 2125 Jam
1053 2063 1169 2143 fastigia

269 2168 386 2229 aedium
413 2167 571 2242 ardebant,
599 2169 662 2245 jam
690 2166 807 2238 trabem
830 2165 893 2242 jam
921 2163 1076 2227 conclavia
1102 2164 1168 2245 ipsa

269 2288 396 2331 accensa
426 2268 637 2348 perlucebant,
666 2270 728 2346 jam
760 2265 874 2327 mediae
906 2266 1014 2329 domus
1046 2265 1166 2346 ignibus

270 2375 442 2449 occupatae.
479 2370 565 2445 Quae
586 2369 704 2448 singula
724 2387 859 2447 magnam
882 2366 1101 2429 multitudinem
1122 2367 1166 2429 la-

268 2470 363 2551 tigare
384 2470 563 2549 potuissent,
585 2469 616 2529 in
637 2471 694 2531 hoc
716 2468 901 2531 miseriarum
923 2466 1044 2530 cumulo
1062 2467 1167 2547 negle-

269 2572 330 2633 ctui
359 2570 447 2651 plane
474 2569 572 2630 habita
597 2578 668 2631 sunt
688 2579 719 2631 et
738 2569 801 2631 suis
822 2569 994 2631 domesticis
1013 2567 1165 2644 derelicta,

269 2691 398 2753 quorum
418 2670 570 2733 indefesso
590 2671 695 2733 labore
717 2671 808 2751 longa
824 2669 983 2732 domorum
1004 2669 1108 2745 series,
1128 2689 1164 2731 ac

268 2793 285 2833 e
306 2772 477 2853 praecipuis
504 2772 621 2834 Erasmi
647 2770 773 2847 Kellini,
800 2770 899 2849 magui
926 2771 1030 2851 operis
1052 2771 1165 2851 Hospi-

268 2873 340 2950 tale,
363 2872 501 2935 Andreae
523 2871 679 2943 Schmidii,
701 2870 842 2933 Andreae
862 2870 1055 2951 Maclrtolplri,
1077 2870 1164 2933 ctri-

267 2972 405 3053 stophori
432 2972 613 3054 Maclrtolphi
643 2973 754 3035 dudum
780 2971 842 3033 vita
865 2971 959 3033 iuncti
984 2972 1163 3052 splendidis-

268 3074 359 3136 simae
381 3073 471 3135 aedes
493 3082 627 3136 servatae
647 3094 683 3135 ac
702 3073 787 3135 urbis
807 3069 941 3151 reliquae
961 3072 1054 3152 parti,
1074 3075 1163 3152 cujus

267 3174 405 3237 interitus
431 3194 498 3236 cum
526 3174 571 3237 his
597 3171 805 3254 inseparabilis
831 3177 896 3231 erat
927 3172 1082 3253 integritas
1114 3196 1163 3237 re·

268 3283 356 3337 tenta.
400 3274 556 3339 Perierunt
582 3276 705 3339 omnino
731 3271 886 3352 sexaginta
910 3280 940 3333 et
964 3293 1025 3335 una
1045 3276 1162 3349 domus,

267 3378 377 3439 horrea
402 3375 522 3456 triginta
548 3379 620 3454 tria,
653 3395 729 3457 qnae
756 3374 788 3435 in
819 3372 934 3435 favillas
963 3374 1084 3453 penitus
1114 3393 1163 3434 re-

269 3479 370 3549 dacta;
400 3476 516 3541 stabula
542 3479 698 3558 absumpta
723 3495 833 3539 novem
861 3480 892 3535 et
910 3475 1063 3536 confracta
1081 3473 1163 3549 aedi-

268 3578 335 3640 licia
356 3585 436 3641 octo.
468 3580 546 3644 Sunt
566 3588 674 3658 tamen,
696 3578 747 3659 qui
769 3577 830 3638 116
850 3584 927 3639 tecta
948 3576 1057 3639 usitato
1078 3594 1163 3637 more
