3025 4409
313 508 334 567 2
589 499 671 553 arser
687 500 706 553 ι.
749 499 935 555 isse-aen.

316 656 498 738 privatarum
519 656 606 717 etiam
628 655 812 717 simultatum
825 674 943 727 sensns,
965 654 1048 715 omni
1060 655 1149 716 ctiam
1163 675 1216 717 ex·

318 756 487 820 cellentiori
508 756 611 817 virtuti
631 756 675 817 sic
697 756 824 834 alliciat,
845 765 880 817 ut
899 762 1042 837 quantum
1062 756 1132 815 binc
1149 756 1215 817 lau-

317 861 364 922 dis
386 859 529 941 quisque,
554 862 670 917 tantum
690 855 831 935 vituperii
851 856 934 917 illino
955 856 1044 929 leret,
1067 856 1127 917 utri
1148 876 1214 917 cre-

319 960 449 1021 dendum
469 957 577 1033 tutius,
599 958 678 1017 haud
699 956 829 1017 absurde
850 956 1048 1030 dubitaveris,
1069 956 1216 1038 malisque

314 1059 461 1140 judicium
488 1058 526 1118 de
550 1057 671 1119 bomine
698 1057 900 1136 suspendere,
927 1064 1018 1138 atque
1043 1056 1121 1117 adeo
1147 1060 1215 1119 Deo

318 1158 472 1221 arbitrium
487 1157 669 1237 relinquere,
692 1176 781 1238 quam
792 1156 830 1217 ab
843 1157 943 1217 alieno
954 1157 1062 1217 affectu
1073 1158 1216 1236 pendere.

359 1261 441 1319 llaec
461 1277 512 1317 res
533 1258 617 1335 fecit,
644 1258 727 1341 quod
752 1256 892 1319 nonnulli
912 1257 969 1319 sibi
989 1264 1072 1319 recte
1093 1260 1217 1334 conscii,

321 1360 395 1420 citra
409 1358 510 1419 odium
528 1363 557 1417 et
577 1357 792 1439 indulgentiam
806 1356 884 1419 vitae
905 1378 978 1419 snae
998 1368 1114 1419 stamen
1134 1380 1217 1421 com-

319 1459 445 1521 mentari
477 1466 508 1519 et
545 1460 700 1521 candidam
735 1458 843 1525 urentis
882 1478 955 1521 suae
988 1459 1218 1539 explicationem

320 1567 392 1641 post
413 1580 446 1621 se
467 1558 639 1639 relinquere
657 1560 688 1620 in
709 1559 841 1620 animum
861 1558 1047 1635 induxerint,
1069 1561 1158 1621 veriti
1179 1581 1218 1621 ne

320 1662 420 1723 alieno
441 1660 583 1741 penicillo
604 1659 729 1721 multum
755 1658 814 1721 sibi
834 1659 993 1721 dissimiles
1014 1660 1218 1739 exprimeren-

321 1772 387 1841 tur,
408 1771 460 1826 aut
480 1762 518 1823 ab
540 1780 575 1823 ea
595 1769 695 1843 parte,
718 1781 807 1843 quam
825 1759 1069 1836 abhorruissent,
1096 1760 1218 1837 laudati,

322 1872 374 1927 aut
387 1885 476 1945 quam
494 1863 631 1929 studiose
652 1862 748 1923 secuti
769 1861 906 1938 luissent,
926 1862 1015 1923 alieni
1029 1861 1132 1937 babiti,
1154 1864 1219 1929 lor·

324 1975 403 2029 tasse
432 1964 518 2026 etiam
544 1964 628 2025 nulla
659 1962 789 2042 penitius
818 1963 947 2041 cogniti,
980 1970 1010 2025 et
1040 1963 1079 2023 ad
1104 1964 1220 2028 venalis

325 2066 386 2129 stili
406 2063 633 2126 mercimonium
656 2064 685 2123 in
706 2063 802 2122 lamae
821 2070 976 2141 streperas
1003 2064 1103 2126 forum
1124 2084 1220 2145 expo-

324 2164 425 2227 nendi.
468 2162 541 2223 illibi
561 2180 636 2223 vero
659 2169 693 2223 ut
712 2160 772 2222 tale
793 2161 865 2239 quid
886 2162 1043 2239 auderem,
1065 2164 1123 2231 alia
1143 2168 1221 2229 ratio

324 2262 484 2344 persuasit.
514 2261 632 2340 Nempe
651 2282 719 2323 cum
740 2259 812 2324 milri
831 2260 893 2323 vita
912 2282 1009 2342 prope
1031 2266 1130 2327 omnis
1149 2286 1223 2342 non,

324 2374 359 2427 nt
383 2361 540 2443 permultis
571 2359 666 2435 solet,
701 2368 787 2421 reato
820 2360 908 2421 alveo
939 2364 1134 2441 profluxerit,
1168 2368 1224 2431 sed

324 2464 456 2529 sinuosis
477 2460 605 2523 flexibus
628 2461 697 2525 bino
723 2460 867 2543 illincque
891 2469 972 2538 acta,
999 2464 1148 2528 interdum
1170 2486 1223 2530 ex-

325 2566 457 2641 undans,
477 2560 627 2626 interdum
643 2562 798 2642 desidens,
819 2584 901 2627 nune
917 2564 1042 2639 clarior,
1063 2584 1145 2629 nunc
1159 2574 1224 2631 tur·

324 2666 395 2729 bida
408 2662 557 2743 producta
570 2661 622 2738 sit,
640 2662 736 2725 visum
749 2674 796 2727 est
809 2665 1074 2745 operaepretium,
1095 2665 1224 2730 siunins

326 2763 535 2831 homuncionis
551 2764 664 2838 fabula,
685 2764 723 2826 ab
737 2765 820 2827 omni
834 2765 957 2829 affectus
976 2772 1007 2827 et
1020 2765 1134 2846 eloquii
1152 2766 1224 2830 luco

326 2864 438 2941 aliena,
459 2865 520 2927 fide
539 2865 621 2925 bona
642 2871 674 2926 et
692 2885 835 2945 germana
852 2866 1052 2929 exhiberetur.
1084 2866 1144 2930 Ubi
1163 2886 1225 2932 uon

325 2965 430 3028 laudes
442 2972 472 3027 et
483 2965 663 3045 vituperium
674 2965 749 3028 eitra
759 2966 897 3029 meritma
906 2974 1153 3047 congererentur,
1167 2988 1226 3029 uec

326 3064 414 3129 etiam
435 3066 533 3145 magni
550 3067 580 3129 in
600 3086 664 3129 rem
684 3066 836 3146 publicam
854 3065 945 3129 officii
963 3066 1109 3129 memoria
1128 3070 1228 3133 saum·

326 3173 425 3242 retur,
446 3166 501 3229 sed
517 3167 595 3229 vitae
616 3186 684 3227 eun
705 3166 824 3244 brevis,
845 3174 908 3228 nrm
924 3166 1059 3229 lubricae
1078 3174 1169 3248 atque
1187 3167 1227 3229 ab

327 3266 410 3332 orani
434 3275 519 3345 parte
540 3268 668 3331 miserae
693 3266 792 3346 imago
819 3266 928 3329 lectori
949 3267 1146 3345 objiceretur,
1174 3268 1228 3330 ubi

326 3374 374 3429 tot
386 3367 540 3448 ambages,
560 3366 658 3442 vices,
681 3375 801 3443 aestus,
821 3376 885 3429 tum
898 3366 1071 3444 obstacula,
1092 3368 1226 3445 injurias,

326 3466 502 3545 munaus,
522 3466 662 3543 insidias,
681 3476 802 3547 praeter
816 3468 960 3545 sudores,
976 3486 1122 3547 angores,
1144 3487 1227 3532 mor·

244 3609 246 3613 .
325 3566 385 3635 boa
403 3574 436 3634 et
453 3568 554 3635 tristes
581 3587 669 3635 cuna
696 3567 823 3648 ἰιιίιιειὶ,
848 3568 985 3637 meatui
1011 3576 1045 3633 et
1063 3588 1133 3635 οιιιιι
1153 3587 1227 3635 scae
