3025 4409
313 511 458 564 variarum
468 523 560 564 rernm
569 509 686 577 jactare.
714 507 1081 565 Cladissselrensisinitium.
1104 517 1163 578 131

272 689 340 730 cnm
367 667 435 728 aliis
460 667 656 728 maximorum
682 666 829 728 artificum
854 666 990 728 manibus
1022 669 1163 748 persentis

271 769 381 832 tabulis
407 768 439 829 in
464 767 582 829 cineres
608 767 695 844 abiit,
724 788 793 829 oum
818 774 864 828 tot
887 767 1035 828 variarum
1056 769 1163 831 artium

273 871 400 944 decora,
414 855 496 930 ¹exin
516 869 697 930 monimenta
716 868 906 948 ingeniorum
927 868 1047 950 antiqua
1067 877 1097 931 et
1117 871 1163 931 in-

271 979 416 1051 corrupta
442 990 518 1051 quae
546 970 679 1050 reparari
703 977 857 1050 nequeunt
876 970 955 1048 apud
976 989 1023 1030 me
1043 970 1164 1032 interie-

271 1078 352 1134 runt
399 1071 464 1131 lam
485 1071 654 1132 restitutum
681 1077 746 1130 erat
767 1070 903 1132 extinctis
924 1069 1087 1132 obstaculis
1111 1071 1163 1132 sti-

271 1173 319 1252 pis
335 1191 500 1252 paupernm
516 1171 702 1251 colligendae
713 1171 765 1244 diu
779 1171 978 1233 intermissum
989 1172 1163 1249 institutum,

273 1273 327 1335 sed
348 1280 379 1333 et
397 1272 520 1349 majoris
540 1272 629 1334 molis
649 1270 802 1350 negotium
823 1272 895 1332 mibi
913 1272 1078 1351 perlectum
1098 1293 1164 1336 cre-

274 1376 416 1452 debatur,
450 1393 491 1435 sc.
514 1379 549 1434 nt
572 1372 776 1453 negotiatores
797 1370 894 1432 nostri
920 1378 1004 1435 tanto
1029 1380 1165 1453 tempore

274 1484 305 1538 et
329 1474 458 1538 fortunis
486 1472 565 1534 ancti
596 1481 626 1534 et
649 1473 680 1533 in
713 1471 818 1533 mediis
846 1471 989 1551 periculis
1016 1475 1165 1538 mercibus

274 1577 365 1640 salvis
386 1583 417 1637 et
436 1572 595 1635 commode
613 1573 773 1634 divenditis
795 1572 905 1633 servati
918 1574 985 1635 Deo
1002 1575 1103 1653 gratiis
1120 1577 1165 1638 ie-

275 1677 376 1739 rendis
396 1676 520 1755 posthac
540 1693 578 1734 ex
599 1673 724 1753 singulis
744 1673 887 1734 mercium
900 1675 1035 1752 partibus
1052 1675 1165 1758 aliquid

274 1778 454 1858 penderent,
482 1775 564 1856 qnod
590 1773 761 1836 holocausti
780 1773 847 1834 vice
867 1776 1022 1837 servandis
1043 1784 1073 1837 et
1092 1797 1165 1856 pro-

274 1876 418 1958 pagandis
449 1874 594 1936 ecclesiae
628 1873 718 1935 rebus
752 1874 887 1935 serviret.
940 1874 1063 1936 Fuisset
1092 1877 1165 1939 baec

276 2000 390 2043 summa
409 1997 507 2038 annua
525 1976 710 2036 florenorum
730 1973 850 2035 circiter
870 1974 959 2035 mille.
992 1972 1088 2051 Cujus
1110 1977 1164 2037 bu-

275 2081 351 2144 cella
370 2080 470 2159 aliqua
489 2075 657 2138 Sebuuani
676 2075 815 2136 Andreae
834 2073 1015 2150 Birutensis,
1036 2075 1166 2140 nominis

276 2180 467 2244 similitudine
486 2197 524 2238 an
545 2177 643 2257 aliqua
662 2175 820 2254 agnatione
840 2175 910 2236 mihi
927 2174 1085 2252 conciliati,
1109 2179 1164 2240 ho-

276 2282 401 2344 noribus
422 2279 560 2341 litorariis
581 2275 772 2357 impetrandis
784 2279 847 2354 jam
868 2281 1008 2338 cesserat.
1049 2276 1165 2359 Nempe

275 2380 490 2462 uiumpbabam
503 2381 560 2440 boc
574 2384 745 2457 perpetrato
760 2377 880 2438 tandem
894 2376 1027 2440 facinore
1042 2397 1078 2440 ac
1093 2382 1165 2444 sub-

277 2482 350 2544 actis
374 2480 610 2553 obluctantibus,
637 2497 767 2560 quorum
788 2487 877 2558 caput
891 2478 1026 2540 solennis
1045 2480 1097 2542 illa
1117 2503 1166 2546 re-

277 2601 363 2644 mora
389 2590 465 2653 erat;
500 2579 664 2642 meditabar
689 2580 775 2640 etiam
802 2587 922 2658 praeter
942 2579 1095 2644 studiosos
1121 2592 1165 2645 te-

277 2683 393 2746 nuioris
419 2684 570 2757 fortunae,
598 2680 736 2743 exulibus
757 2680 945 2760 stipendium,
973 2699 1034 2760 qno
1055 2682 1166 2746 indolis

279 2783 392 2865 pariter
411 2789 442 2844 et
461 2781 648 2844 innocentiae
668 2782 745 2843 ratio
762 2780 935 2842 baberetur:
958 2781 1011 2842 sed
1028 2783 1095 2843 Deo
1111 2784 1167 2844 ali-

278 2893 326 2946 ter
344 2884 456 2959 rmum,
484 2884 536 2965 qui
555 2904 604 2944 me
623 2881 706 2944 velut
732 2901 771 2943 ex
790 2881 935 2961 Apogaeo
961 2901 1063 2943 rerum
1087 2903 1167 2946 mea-

279 3005 346 3046 rum
365 2985 397 3045 in
412 2985 588 3064 Perigaenm
608 2983 724 3061 deJecit,
745 2989 779 3043 ut
799 2982 851 3063 qui
871 2981 1081 3044 succurrendis
1102 2983 1167 3046 aliis

279 3105 384 3148 omnes
395 3086 527 3147 rationes
543 3086 820 3165 circumspexeram,
837 3083 902 3161 ipse
916 3081 1007 3162 paulo
1022 3091 1092 3161 post
1103 3101 1167 3144 om-

279 3187 362 3248 nium
380 3205 482 3247 rerum
506 3187 699 3248 humanarum
718 3191 808 3266 atque
827 3184 903 3244 adeo
929 3183 1025 3244 victus
1046 3191 1076 3245 et
1095 3186 1168 3246 ami·

280 3294 348 3349 etos
368 3287 502 3367 indigus,
528 3288 627 3349 alieno
654 3286 751 3346 labori
772 3292 801 3346 et
821 3303 910 3346 curae
931 3285 1166 3363 supersederem.

282 3387 385 3450 Cladis
409 3388 531 3450 nostrae
555 3388 670 3449 initium
691 3388 817 3449 adversa
836 3387 873 3446 ad
893 3384 1169 3465 Nerolingam¹⁴¹)

282 3509 381 3568 pugna
407 3489 493 3568 cepit.
536 3489 609 3550 lude
633 3488 774 3569 paulatim
799 3489 836 3548 ad
862 3507 919 3548 nos
941 3487 1037 3548 delata
1057 3493 1168 3562 tempe-

926 3584 973 3647 ps
