3025 4409
480 493 613 546 Excursio
630 492 840 560 Norimbergam
858 491 938 545 tarta.
1099 501 1158 558 109

262 651 337 710 citer
358 649 482 710 florenis
504 660 623 725 stetere,
644 650 731 711 locus
754 649 837 711 1000
852 649 1003 710 bominum
1020 650 1159 728 capacior

261 749 397 810 redditus
412 757 467 826 est,
484 751 641 831 hospitalis
653 769 729 811 vero
744 749 887 810 sacellum
903 749 1045 812 habendis
1061 751 1157 832 (quod

260 869 415 932 uunquam
437 852 516 930 erat)
537 852 735 914 concionibus
756 859 897 930 aptatum.
944 850 1039 929 Cujus
1066 853 1159 913 officii

262 953 347 1033 quod
369 951 460 1012 4000.
483 951 607 1014 tioreuis
629 952 771 1014 collatum
799 960 845 1014 est
864 971 931 1012 cum
953 971 1096 1032 praesens
1118 955 1158 1014 ri-

261 1053 331 1131 gida
352 1062 433 1112 aetas
454 1059 552 1130 neget,
574 1053 734 1130 posteritas
757 1053 855 1114 solvet
873 1056 1046 1131 gramma*).
1081 1054 1157 1115 Sau-

260 1152 340 1213 berti
360 1153 418 1212 boc
434 1152 588 1213 numerale
604 1162 666 1214 est:
699 1154 896 1214 liaLVVeusl
916 1155 1045 1233 teMpLo
1067 1155 1158 1216 DeVs

260 1255 331 1332 lpse
350 1260 396 1312 est
413 1253 520 1313 lthor
540 1262 570 1314 et
583 1255 702 1326 AVtor3
730 1256 813 1334 quod
831 1253 922 1334 lapidi
942 1255 1068 1316 incisum
1089 1257 1159 1316 anni

261 1353 436 1414 memoriam
445 1355 593 1416 retinebit.
614 1355 754 1416 Artifices
764 1355 882 1415 adhibui
891 1355 1038 1417 Jacobum
1052 1356 1159 1436 Spieg-

261 1457 359 1517 lerum
379 1470 409 1516 et
426 1457 635 1516 Leoubardum
657 1456 783 1535 Hagium
800 1457 941 1535 pictores,
964 1476 1094 1537 quorum
1107 1457 1159 1518 ille

262 1559 321 1618 lroo
347 1577 423 1618 aevo
452 1557 607 1627 excelluit;
638 1556 814 1616 Micbaelem
843 1557 1025 1618 Strobelium
1047 1567 1159 1620 statua-

262 1659 349 1733 rium,
370 1659 518 1720 lacobrrm
532 1658 616 1718 Stabl
633 1657 820 1717 scriniarium
840 1665 869 1717 et
880 1658 1044 1738 Georgium
1056 1659 1158 1721 Haud-

263 1778 401 1820 maunum
420 1760 572 1833 latonrum,
595 1777 673 1838 quos
690 1765 832 1835 posteros
852 1758 970 1818 nescire
988 1759 1081 1834 nolui,
1104 1761 1159 1821 sed

263 1847 349 1921 etiam
377 1861 404 1922 si
431 1881 490 1940 qua
516 1857 709 1920 continuandi
736 1857 838 1935 operis
870 1856 974 1918 lubido
1008 1860 1158 1934 succedat,

263 1962 367 2023 iconas
382 1981 456 2042 quas
469 1961 558 2022 bodie
572 1958 722 2020 rnodellos
734 1967 847 2018 vocant
859 1957 1015 2019 absolutae
1027 1965 1158 2020 structu-

262 2081 314 2123 rae
341 2083 379 2123 ex
406 2063 488 2143 ligno
516 2060 696 2121 fabrefactae
722 2077 876 2138 propenso
911 2059 1011 2120 studio
1040 2059 1161 2139 reliqui:

262 2165 329 2225 lloc
356 2183 436 2224 auno
465 2170 551 2224 natus
573 2161 794 2222 Waremundus
815 2179 900 2221 meus
921 2161 970 2224 21.
987 2159 1083 2236 Nou,
1110 2179 1157 2222 se-

264 2264 367 2343 quenti
389 2269 418 2328 6.
439 2264 528 2325 Febr.
550 2263 581 2323 iu
602 2261 752 2322 veriorem
773 2261 897 2340 patriam
918 2261 1014 2322 rediit.

246 2366 248 2369 ’
302 2365 463 2426 Proximus
489 2364 527 2424 ab
554 2365 612 2424 hoe
639 2381 736 2423 aucus
757 2361 939 2422 excursione
960 2360 1159 2442 Noribergioa

261 2466 356 2526 altera
377 2465 448 2527 milri
470 2462 609 2524 notabilis
631 2471 685 2539 est,
707 2481 785 2543 quae
807 2470 836 2522 et
856 2461 1006 2522 Saubarto
1025 2482 1094 2524 meo
1111 2484 1160 2524 me

261 2565 392 2627 reddidit
404 2574 436 2627 et
448 2564 671 2644 Woliigangum
683 2563 830 2625 Jacobum
841 2563 1028 2637 Poemerum,
1046 2564 1158 2624 Jobum

264 2667 514 2746 christophorum
526 2664 679 2726 Cressinm
696 2671 787 2744 atque
803 2662 1066 2742 incomparabilem
1085 2665 1157 2726 ami-

261 2787 330 2828 cum
353 2766 527 2828 Gouradum
541 2766 681 2827 Baierum
701 2764 844 2844 patricios
865 2763 957 2842 magis
979 2763 1158 2827 conciliavit.

261 2868 340 2929 Veni
362 2866 540 2947 illuaAprili
564 2883 668 2926 meuse
690 2873 719 2925 et
739 2885 795 2944 per
816 2864 1008 2942 septimanam
1030 2862 1158 2939 substiti,

262 2968 389 3030 comiter
409 2976 439 3029 at
459 2967 599 3028 munifice
620 2967 658 3026 ab
672 2965 756 3026 urbis
775 2963 890 3045 aliquot
907 2963 1098 3043 primoribus,
1120 2983 1158 3025 ex
1223 2973 1224 2976 ’

262 3068 373 3150 quilius
386 3067 637 3148 Christophoruru
659 3067 806 3127 Funerum
833 3072 863 3125 et
885 3063 1047 3143 Georgium
1070 3061 1158 3126 Chri-

261 3169 440 3247 stophorum
452 3169 684 3230 Volclramerum
703 3184 765 3226 uon
783 3165 939 3226 nominare
960 3163 1053 3237 nefas,
1074 3164 1158 3224 babi-

259 3277 319 3329 tus.
351 3272 447 3348 Quam
469 3268 594 3329 obrem
616 3286 684 3328 cum
698 3265 894 3344 inscriptione
905 3265 1158 3344 Peregrinatiouis

261 3369 416 3430 Ecclesiae
446 3368 561 3429 incluto
592 3367 708 3428 senatui
738 3367 848 3444 gratias
879 3365 999 3446 publice
1027 3385 1156 3445 agerem,

262 3507 460 3516 *u*

329 3583 356 3649 ⁸)
373 3580 440 3634 Cod.
459 3585 488 3635 Α.
506 3581 537 3634 Β.
555 3587 584 3635 et
601 3597 637 3635 a:
661 3579 786 3650 gratiam.
