3025 4409
462 482 518 534 lter
535 480 714 533 Austriacuna
750 476 1000 533 Dietrieltsteinius.
1139 484 1179 543 87

284 658 362 719 quos
390 638 435 699 rei
461 636 588 697 idoneos
614 642 776 716 certaeque
799 635 870 696 iidei
896 639 1004 696 noscat
1028 632 1180 695 aditurum

281 738 413 819 mihique
440 738 517 799 adeo
539 743 800 816 praeparaturum,
831 742 866 798 ut
880 739 943 812 jam
963 734 1064 795 omnia
1085 754 1178 814 expe-

280 840 341 899 dita
363 838 419 899 sim
440 848 627 916 reperturus.
669 836 842 898 Nominavit
860 846 960 895 autem
984 833 1103 915 aliquos
1130 854 1177 910 ao,

279 939 364 1019 quod
386 938 528 1014 mirabar,
557 939 646 1017 plane
668 958 738 999 cum
760 935 957 997 duflitzlero
978 935 1116 1008 eosdem,
1143 943 1177 995 ut

277 1039 467 1119 apparuerit,
489 1039 603 1119 optime
623 1038 681 1100 illis
702 1038 781 1099 inter
800 1057 834 1099 se
854 1034 1028 1098 convenire.
1059 1034 1104 1095 lta
1121 1054 1176 1095 cu-

276 1147 341 1199 tem
365 1138 395 1198 in
422 1158 455 1200 se
481 1140 539 1201 hoc
565 1138 719 1218 negotium
740 1138 891 1217 suscepit,
920 1143 955 1197 ut
972 1135 1107 1217 quamvis
1126 1155 1176 1197 ar·

277 1237 347 1299 duis
373 1240 600 1301 tractationibus
627 1240 795 1319 implicatus
825 1259 895 1299 oum
920 1238 959 1299 de
983 1257 1099 1299 summa
1123 1257 1175 1297 vo-

276 1338 324 1399 lut
349 1339 393 1399 rei
413 1339 639 1401 deliberandum
665 1339 948 1418 decernendumque
968 1345 1065 1414 esset,
1089 1338 1176 1418 quasi

278 1440 337 1499 hoc
364 1458 456 1501 unum
483 1448 601 1520 ageret,
626 1439 753 1501 multum
780 1446 811 1500 et
833 1438 978 1517 temporis
1005 1446 1036 1499 et
1060 1438 1175 1501 laboris

278 1541 307 1601 ei
329 1539 516 1619 impenderit.

320 1639 403 1701 Adiit
426 1658 500 1718 ergo
521 1640 649 1718 primurn
670 1640 803 1699 omnium
825 1658 1007 1718 generosum
1027 1640 1078 1701 dn.
1099 1643 1174 1701 Bar·

278 1740 481 1801 tholomaeum
503 1739 777 1801 Dietriohsteinium
798 1758 931 1801 summae
956 1739 1123 1801 autoritatis
1145 1749 1174 1801 et

277 1840 442 1901 acutissimi
463 1840 571 1917 judicii
596 1840 707 1914 virum,
736 1840 789 1921 qni
815 1847 845 1901 et
869 1838 1035 1918 gratulatus
1056 1844 1103 1899 est
1123 1860 1174 1899 ec-

279 1940 380 2003 clesiis
410 1942 448 2001 dc
477 1940 619 2020 religiosa
651 1940 796 2019 principis
821 1939 1042 2016 Wiirtemberg.
1070 1940 1173 2016 provi-

278 2041 379 2115 sione,
401 2048 431 2102 ct
452 2048 485 2103 ut
511 2060 546 2101 ea
572 2040 675 2103 amicis
696 2061 775 2123 quos
795 2040 864 2101 hinc
884 2039 955 2101 inde
974 2037 1097 2099 haberet
1116 2058 1173 2099 nu-

278 2161 418 2203 merosos
449 2143 667 2217 innotesceret,
702 2162 826 2222 operam
860 2160 946 2203 suam
977 2144 1023 2201 est
1053 2138 1172 2218 pollici·

277 2252 337 2305 tus.
381 2243 454 2303 lnde
482 2263 571 2324 quam
598 2242 663 2322 ipse
689 2262 708 2303 a
729 2242 906 2305 Calviniane
926 2240 1099 2301 curiositate
1119 2240 1172 2301 ab·

277 2345 413 2419 horreat,
435 2364 523 2426 quam
545 2344 743 2405 Lutberanam
763 2340 981 2421 simplicitatem
1001 2351 1107 2403 contra
1127 2342 1173 2403 in-
1284 2337 1286 2342 ’
1384 2389 1385 2396 ,

278 2444 438 2505 sidiatores
460 2444 612 2505 defensam
632 2444 715 2521 velit,
736 2442 876 2522 exemplo
896 2462 986 2522 quarn
1006 2441 1108 2504 verbis
1127 2449 1172 2504 te-

277 2545 350 2605 stari
372 2544 517 2623 gestiens,
540 2552 570 2605 et
589 2545 724 2605 animose
745 2544 944 2624 captiunculis
964 2564 999 2605 se
1019 2544 1173 2622 opposuit,

278 2653 309 2707 et
330 2644 396 2705 aliis
417 2647 474 2707 hoc
495 2646 562 2725 ipso
584 2644 709 2724 praeivit
734 2664 842 2724 meque
860 2644 991 2719 monuit,
1016 2663 1174 2723 pergerem

278 2745 424 2825 principis
449 2746 508 2807 mei
534 2746 705 2826 religiosam
730 2744 898 2805 libertatern
924 2743 990 2805 aliis
1009 2744 1172 2820 insinuare,

277 2866 355 2927 quae
383 2866 445 2907 non
472 2846 531 2908 nisi
556 2846 587 2906 iu
613 2845 800 2925 praeclarum
826 2845 985 2906 multarum
1010 2845 1174 2907 animarum

278 2950 469 3011 commodum
491 2946 659 3007 redundare
680 2953 793 3023 posset
841 2947 883 3006 Se
904 2947 991 3007 etiam
1010 2963 1174 3007 memorem

278 3056 376 3111 tantae
396 3050 426 3109 iu
448 3056 584 3125 tempore
604 3045 766 3109 oblationis
787 3047 863 3105 hanc
884 3065 957 3125 prae
978 3044 1103 3125 reliquis
1123 3067 1172 3109 re·

277 3149 398 3227 ligionis
410 3147 559 3209 officinam
573 3155 603 3209 et
620 3149 837 3208 honoraturum
852 3153 882 3207 et
897 3154 1073 3220 amaturum,
1094 3167 1172 3227 quae

280 3256 325 3311 tot
351 3247 438 3309 annis
458 3248 611 3329 locisque,
637 3255 720 3309 tanto
747 3248 834 3309 etiam
862 3267 986 3309 munere
1011 3263 1172 3326 operarum

281 3349 550 3409 ecclesiasticarum
566 3348 734 3409 felicitatem
750 3354 780 3407 et
789 3347 989 3409 sinceritatem
1003 3347 1171 3427 probasset.

325 3452 434 3511 Postea
454 3449 531 3509 idern
553 3470 620 3511 curn
642 3451 793 3528 generoso
820 3449 869 3509 dn.
888 3446 1002 3509 Garolo
1023 3447 1173 3524 loergero

280 3552 346 3613 viro
363 3550 577 3630 multiplicibus
589 3552 726 3613 fortunae
741 3549 924 3613 ornamentis
936 3549 1049 3611 decoro
1064 3552 1172 3624 actum,
