3025 4409
158 475 300 536 biberffl
335 487 521 555 rom-rm

128 635 231 697 neiioio
256 659 338 718 meo,
365 653 448 727 quod
467 663 562 718 umen
582 663 641 723 sibr
658 668 775 735 fautum

128 741 155 792 et
179 735 303 817 eleganti
328 752 456 814 carmine
483 765 514 818 et
537 762 640 826 amieis
666 769 767 836 literis

129 832 131 889 ἶ
149 837 240 912 paulo
258 855 328 920 poet
345 852 445 913 sedern
459 857 584 935 fixit’2)
604 875 635 926 et
649 870 687 929 aa
702 893 762 934 an-

128 954 186 1014 que
211 947 366 1024 superfuit,
397 954 520 1019 subinde
546 973 591 1024 est
614 977 756 1046 testatum

139 1037 194 1099 boc
213 1053 272 1104 est:

128 1200 156 1248 e,
173 1203 238 1256 quas
251 1193 338 1265 jungit
353 1199 439 1268 gratia
455 1202 564 1272 Christi,

128 1284 214 1335 amor.
231 1291 297 1332 cana
312 1287 442 1353 tenaxque
457 1289 531 1343 fides.

128 1368 179 1408 ror
194 1373 352 1432 morumque
367 1371 493 1426 modesta
506 1387 643 1448 venustas,

128 1437 242 1506 ejoeos,
258 1461 309 1498 nee
326 1451 385 1505 siue
400 1457 482 1510 melle
499 1463 598 1518 charis.

128 1523 273 1595 astringunt
288 1547 339 1588 nos
355 1547 519 1611 nostraque,
541 1551 656 1606 candide
672 1556 772 1624 irater,

128 1606 169 1660 nia
184 1610 274 1666 nuilus
290 1620 393 1674 amoris
411 1625 473 1680 erit

128 1749 206 1810 rouit
236 1771 284 1814 me
315 1764 533 1828 nonnullorum
570 1773 782 1860 inhumanitas,

129 1869 158 1908 rs
180 1851 242 1914 suis
266 1857 427 1925 dissimiles
448 1889 517 1929 curn
538 1873 652 1954 ubique
668 1899 787 1960 pugna-

128 1957 318 2034 reetareutur,
337 1971 460 2038 praeter
472 1971 701 2039 Mouzerianam
711 1981 788 2060 ¹⁰⁰)

128 2051 346 2120 trounmdii
361 2063 426 2139 jam
448 2071 487 2129 ad
508 2075 635 2138 coelites
657 2084 790 2145 nansia-

128 2147 230 2212 ineres
245 2159 359 2221 acerbo
371 2165 488 2231 calamo
500 2176 672 2242 turbabant.
692 2185 789 2260 Quod

128 2265 175 2309 ros
204 2257 444 2347 moderatosque
471 2293 613 2358 quosque
633 2300 693 2342 nec
714 2285 787 2348 mibi

128 2345 254 2414 iacebiie
275 2360 379 2424 odium
393 2368 518 2436 incurri.
552 2379 617 2441 Etsi
639 2401 715 2445 vero
736 2387 783 2447 ni-

128 2465 182 2524 psa
203 2453 309 2518 Arndii
331 2483 437 2546 eausa,
459 2472 499 2534 de
520 2497 579 2557 qna
601 2487 702 2544 tamen
724 2489 779 2548 mi-

158 2570 319 2620 oommune
341 2577 417 2644 erat,
447 2582 563 2639 tantum
587 2583 689 2646 alieno
712 2610 774 2650 ma-

128 2669 180 2714 nos
202 2664 338 2723 mutuum
364 2666 500 2735 lacerare
521 2679 657 2746 dolerem
679 2699 710 2750 et
729 2695 770 2754 ad

128 2769 141 2810 e
171 2757 338 2840 pertinere,
372 2789 411 2831 ne
446 2777 542 2840 cuivis
568 2788 765 2860 proscribere

128 2873 135 2912 ι
151 2853 263 2935 jndicio
281 2863 448 2933 demiratum
467 2876 581 2957 liceret,
602 2895 757 2965 putarem

141 2953 281 3024 baeretici
303 2975 334 3028 et
350 2969 474 3038 infames
494 2983 639 3064 audirent,
663 3003 752 3072 quot-

128 3065 249 3121 areutnr
264 3063 422 3152 ¹rtrndium,
444 3086 473 3139 et
493 3103 541 3144 me
561 3099 665 3165 aperte
683 3097 747 3172 peti

154 3173 219 3220 surn
246 3181 294 3226 me
321 3172 471 3251 explicere
491 3183 585 3246 tribus
606 3190 742 3274 Dialogis

129 3273 146 3314 e
168 3256 328 3344 inscriptis,
358 3275 465 3354 quibos
487 3283 516 3344 id
537 3289 676 3369 agebam,
706 3306 739 3359 ut

128 3373 175 3416 arn
205 3363 300 3438 param
326 3375 495 3459 professus,
522 3393 619 3453 tamen
647 3417 735 3476 qnam

141 3455 243 3523 rtrndii
278 3473 413 3554 exemplo
452 3484 595 3552 ecelesiae
627 3497 733 3562 solutis

129 3561 177 3620 ¹tao
199 3580 391 3651 succurrere,
420 3582 519 3646 multis
542 3611 733 3675 exponerem,
