3025 4409
452 497 658 551 Andreauorum
677 495 830 551 studiorum
847 498 978 553 fautores.
1124 506 1164 566 81

263 637 402 717 Steinlini
431 634 605 734 multiplicis
633 654 773 717 lectionis
800 654 871 731 viri,
898 674 975 737 quae
1003 655 1066 717 600
1083 656 1160 748 plus

261 758 358 819 minus
386 756 514 836 partium
545 754 609 815 luit.
658 756 868 836 Suppeditavit
894 755 1022 817 subinde
1046 756 1105 819 alle
1130 766 1161 819 et

142 870 143 881 ¹
260 858 317 918 alia
351 856 522 917 recentiora
547 855 698 918 Besoldus
735 856 925 937 infatigabilis
957 857 988 917 in
1013 876 1061 917 me
1086 877 1159 937 pro·

258 957 425 1038 pensionis.
477 958 588 1018 Eadem
610 957 776 1037 negotiatio
797 958 928 1019 literaria
949 977 1017 1018 cum
1037 957 1159 1019 Bidem-

258 1058 367 1119 bachio
394 1057 458 1119 luit·
480 1058 546 1120 viro
574 1059 708 1139 apprime
737 1058 871 1133 erudito,
905 1064 936 1118 et
962 1076 1086 1137 maguae
1109 1076 1158 1119 sa-

257 1158 394 1239 gacitatis
421 1178 457 1218 ac
485 1178 584 1220 rerum
612 1159 823 1221 historicarum
849 1157 975 1237 peritiae
1001 1158 1069 1219 viro
1088 1158 1158 1221 tou
1279 1186 1283 1194 ¹

258 1259 436 1320 Bernhardo
472 1261 614 1337 Unlrido‚
657 1266 719 1321 tum
754 1259 872 1321 Jacobo
907 1259 1049 1321 Heinliuo
1084 1260 1159 1321 vici·

142 1356 143 1381 ¹
263 1380 321 1421 nae
341 1360 566 1439 Bietigbeimiae
587 1360 716 1421 diacono
745 1378 836 1420 verae
856 1359 977 1438 pietatis
993 1368 1024 1421 et
1044 1360 1160 1423 solidae

261 1460 407 1521 scientiae
434 1460 655 1522 studiosissimo
690 1469 720 1521 et
748 1459 846 1522 omnis
873 1460 1051 1522 eruditionis
1076 1481 1161 1523 com-

142 1594 143 1629 ῃ
262 1561 356 1641 plexu
377 1560 539 1622 Wilhelmo
553 1558 811 1639 Schiccardo⁸³).
846 1563 946 1622 Fuere
966 1561 1054 1623 etiarn
1074 1562 1160 1640 soris,

262 1662 443 1743 quibuscum
470 1660 623 1721 literarum
649 1661 862 1723 commercium
884 1668 979 1737 esset,
1011 1682 1047 1723 ac
1066 1662 1162 1743 inpri-

264 1761 320 1823 mis
345 1760 415 1822 Joh.
439 1760 609 1839 Kepplerus
625 1760 677 1839 ⁸⁴)
708 1763 759 1823 ille
780 1762 1054 1823 mathematicorum
1077 1764 1163 1843 prin·

262 1880 336 1941 ceps
365 1880 454 1942 quern
483 1860 578 1921 Linzii
610 1870 717 1941 postea
748 1862 887 1923 salutavi:
921 1862 1070 1924 llenricus
1090 1865 1163 1925 llei-

262 1961 331 2025 nius
361 1963 386 2040 j.
415 1982 441 2023 c.
469 1961 697 2024 Rostochiensis
735 1982 821 2023 rarae
855 1961 1025 2023 devotionis
1059 1982 1162 2025 exem·
1284 1970 1291 1984 “

267 2064 368 2143 plum,
404 2061 453 2123 cui
487 2062 593 2123 Turris
627 2062 720 2123 Babel
756 2062 935 2142 inscriptus;
969 2063 1038 2125 Job.
1065 2063 1162 2125 Adol-

263 2165 342 2244 phus
364 2162 488 2224 Tassius
513 2162 733 2225 literatissimum
761 2169 791 2223 et
810 2162 981 2242 politissimi
1001 2162 1113 2243 ingenii
1132 2172 1164 2227 ct

265 2265 342 2339 stili;
367 2264 479 2341 Georg.
493 2262 632 2325 Tisenius
654 2283 723 2323 cum
744 2262 830 2323 socio
846 2262 1012 2325 Melchiore
1026 2264 1163 2329 Brelero.

262 2366 335 2428 Non
364 2364 486 2425 defuere
513 2364 600 2425 etiam
629 2382 667 2424 ex
693 2364 738 2425 his
766 2362 818 2444 qui
845 2362 976 2426 invisere
1005 2372 1035 2427 ct
1061 2385 1163 2429 coram

264 2467 389 2535 dextras
406 2464 536 2543 jungere
557 2463 744 2543 satagebant,
772 2464 881 2545 quibus
902 2465 953 2526 alii
975 2466 1075 2527 etalii
1095 2487 1165 2530 suc·

266 2585 392 2629 cessere
412 2564 510 2628 velut:
532 2564 705 2625 Fridericus
726 2565 859 2643 Lyserus
880 2573 1036 2644 cognatus,
1056 2568 1166 2647 Sylve-

268 2674 332 2729 ster
352 2664 514 2743 Brunsivig
535 2663 689 2743 Tubingae
716 2670 822 2739 notus,
850 2665 956 2726 Justus
982 2666 1075 2742 lleld,
1103 2670 1166 2730 De-

266 2766 329 2828 niel
350 2765 583 2845 Moeglin[gus]‚
609 2763 834 2840 torbernus,
861 2766 1075 2827 Boneventura
1093 2768 1167 2831 Rei·

269 2868 352 2947 hing‚
373 2866 503 2927 dobenn.
524 2866 645 2926 Bucher
664 2884 700 2925 ac
721 2884 760 2925 ne
780 2864 962 2943 impostores
983 2866 1103 2946 quidem
1123 2875 1168 2930 ta-

268 2987 354 3029 ceam
376 2966 559 3027 Benedictus
580 2964 631 3027 ille
652 2965 778 3045 Figulus
798 2964 883 3027 orbis
903 2966 1116 3045 circumcellio‚
1137 2976 1169 3032 et

268 3067 386 3146 Wollg.
409 3065 593 3145 sigismundi
621 3086 750 3147 nequam
782 3073 887 3145 poeta,
914 3066 1025 3146 quibus
1051 3070 1169 3133 cunctis

268 3187 374 3229 mensa
403 3186 483 3242 mea,
513 3184 574 3227 non
595 3166 654 3227 nisi
673 3165 763 3227 bonis
785 3173 815 3226 et
833 3164 969 3244 probatis
988 3174 1095 3245 pectus
1115 3190 1169 3250 pa-

272 3269 338 3331 tuit.
388 3266 568 3329 Wilhelmus
602 3266 690 3327 etiem
717 3265 860 3327 Wensius
891 3265 1057 3332 nobilitatis
1083 3290 1170 3350 apex,

269 3370 342 3431 dum
363 3368 406 3429 ill.
428 3368 577 3429 Saxoniee
599 3365 858 3445 Aldenburgensis
879 3365 1048 3448 principum
1069 3370 1170 3448 inspe-

270 3477 340 3533 ctor
362 3476 444 3531 essct
463 3469 593 3531 invisere
615 3466 752 3546 diguatus
773 3474 833 3542 est,
853 3486 984 3547 quorum
1004 3468 1091 3529 etiam
1111 3488 1170 3531 no

272 3572 353 3633 minc
373 3568 538 3633 honorario
559 3568 692 3641 ornavit3
714 3575 776 3629 tum
790 3567 1171 3647 AbrabamusHoelzeliuS,

950 3670 971 3726 6
1008 3686 1011 3693 ,
