3025 4409
332 471 396 538 tot
591 448 689 518 'uisu
705 461 737 516 v.
773 459 962 526 1cae-1stt.

331 622 480 707 publicam
509 623 546 684 de
573 618 753 702 gratitudine
774 621 841 681 Deo
863 618 955 682 rebus
977 619 1064 683 ctiam
1086 620 1167 684 hisce
1188 624 1233 684 ai-

331 724 502 789 flictissimis
515 723 616 786 debita
632 720 722 783 habui
733 720 785 782 26.
799 721 893 800 Sept,
915 727 1099 804 posteraque
1114 724 1235 787 solenni

331 827 573 908 inauguratione,
601 823 633 884 in
653 821 763 883 illustri
785 821 892 883 domus
910 821 1068 886 Wirtemb.
1092 831 1121 886 et
1143 825 1234 904 ampl.

331 929 427 1005 aulae,
448 928 558 1003 curiae,
575 923 689 1006 patriae
708 929 738 984 et
753 921 921 984 academiae
938 923 1078 986 ordinum
1098 925 1236 987 contuitu

332 1038 363 1093 et
381 1029 543 1110 applausu,
564 1026 752 1089 orthodoxae
766 1026 953 1087 Lutlreranae
974 1025 1128 1106 religionis
1149 1027 1236 1088 theo-

330 1131 394 1212 logi
413 1149 525 1191 nomen
545 1148 608 1190 uon
625 1129 689 1205 jam
709 1125 847 1206 primum,
870 1126 925 1188 sed
947 1126 1114 1189 evidentius
1131 1128 1234 1205 jurata

331 1233 391 1293 fide
411 1235 611 1292 contestatum
631 1227 768 1304 assumsi,
791 1226 948 1308 simulque,
971 1228 1043 1310 quid
1064 1247 1111 1288 me
1133 1228 1164 1289 in
1185 1248 1235 1290 re-

330 1331 450 1412 ligionis
478 1336 601 1392 nostrae
628 1328 852 1409 integerrimae,
880 1329 934 1390 sed
959 1349 1064 1408 parum
1092 1329 1236 1410 religiose

263 1506 266 1513 Ι
331 1431 499 1494 custoditae
524 1429 612 1511 lapsu
634 1431 698 1508 jam
720 1428 833 1491 dudum
854 1429 992 1493 torsisset
1020 1436 1109 1512 atque
1131 1431 1235 1493 etiam-

331 1553 403 1595 num
429 1536 601 1607 exerceret,
631 1529 729 1610 palam
749 1551 817 1593 sum
838 1531 1004 1611 professus.
1052 1535 1120 1613 Qua
1141 1533 1179 1594 de
1200 1553 1235 1594 re

331 1635 413 1696 omui
429 1639 515 1696 actus
535 1633 600 1713 ipse
614 1632 778 1694 doctoreus
789 1631 912 1712 publico
926 1631 1120 1710 judicio²⁰⁶)
1138 1652 1235 1714 expo-

331 1735 406 1797 sitos
427 1734 579 1816 loquatur.
623 1734 769 1812 Sumptus
792 1732 849 1794 leci
872 1733 933 1794 100
955 1733 1074 1795 circiter
1094 1733 1235 1814 imperia-

329 1839 404 1901 lium
420 1856 459 1899 ex
477 1838 614 1918 Augusta
635 1834 687 1894 illa
704 1831 888 1911 manu²⁰⁶),
907 1834 1016 1915 quibus
1035 1835 1130 1896 vicem
1151 1843 1233 1897 retu-

330 1941 431 2003 lerunt
450 1939 635 2019 principum,
658 1936 851 2014 dynastarum
873 1942 903 1996 et
924 1935 1050 1998 civitatis
1072 1934 1232 1998 Calvensis

329 2040 505 2118 honoraria,
534 2045 569 2101 ut
588 2037 713 2100 honoris
735 2035 892 2116 strepitum
914 2035 979 2098 aliis
1002 2036 1141 2115 debeam,
1162 2038 1234 2100 mihi

330 2141 433 2205 oneris
453 2146 555 2222 partes
575 2158 673 2220 aequo
695 2139 794 2202 animo
817 2157 947 2215 servem,
975 2137 1040 2200 aliis
1064 2139 1170 2218 judicii
1195 2140 1233 2202 li-

330 2246 476 2308 bertatem
491 2244 580 2322 juxta
599 2241 688 2304 bonis
709 2241 834 2304 malisve
854 2238 952 2302 libens
970 2239 1153 2322 relinquam,
1175 2262 1232 2322 po-

331 2345 460 2409 steritati
484 2364 559 2407 vero
587 2342 687 2404 bonae
714 2342 786 2404 fidei
813 2341 988 2404 recitatione
1009 2340 1232 2422 inexspectatus

330 2448 420 2526 hujus
441 2445 486 2507 rei
511 2449 614 2524 gestae
635 2443 783 2506 rationem
804 2445 936 2507 reddam.
984 2444 1122 2508 Fortuita
1142 2447 1232 2524 hujus

330 2548 402 2612 anni
421 2549 558 2621 luerunt,
580 2544 752 2624 auspicatus
773 2546 916 2628 principis
937 2545 1103 2610 Eberhardi
1124 2555 1232 2630 quarto

331 2651 424 2732 geniti
451 2645 602 2710 domicelli
623 2665 710 2708 sacer
730 2649 840 2710 natalis
863 2649 1005 2712 Calendis
1025 2649 1160 2712 ianuarii
1180 2671 1232 2712 so-

330 2751 445 2825 lennis,
471 2749 522 2830 qui
549 2753 655 2810 secuto
681 2749 720 2810 ad
740 2749 792 2812 24.
804 2751 894 2814 Febr.
916 2753 1023 2814 funere
1045 2759 1075 2814 et
1096 2753 1231 2834 exequiis

332 2853 397 2916 Gal.
414 2850 515 2913 Martii
539 2849 688 2913 brevioris
713 2851 813 2932 gaudii
838 2852 902 2916 luit.
948 2853 1090 2933 Hospites
1112 2854 1143 2916 in
1163 2855 1232 2916 aula

330 2956 392 3018 vidi
412 2959 533 3035 praeter
553 2952 685 3014 minores
706 2954 786 3034 regis
801 2954 914 3018 Daniae
932 2955 1063 3035 legatum
1083 2957 1133 3021 20.
1147 2955 1231 3036 Apu,
1315 2971 1317 2976 ·

331 3057 455 3138 Hesiom
476 3074 575 3117 exerc.
605 3055 711 3117 ducem
738 3055 885 3120 famosum
912 3058 941 3118 4.
959 3056 1046 3136 Maji,
1074 3057 1232 3122 albertum

332 3156 482 3223 Braudeb.
500 3157 614 3220 March.
641 3156 827 3220 Onoldinum
852 3157 1018 3238 principem
1045 3178 1113 3220 cum
1138 3159 1232 3222 Heiu-

331 3263 395 3326 rica
420 3257 589 3322 Wiirtemb.
609 3259 684 3320 Lud.
703 3259 785 3322 Frid.
807 3260 867 3324 lilia
895 3259 1047 3340 sponsalia
1074 3260 1232 3324 facientem

334 3361 492 3438 11.Nov.,
514 3359 652 3424 comitem
665 3361 947 3437 Loeweusteinium,
968 3361 1099 3426 barones
1119 3362 1232 3443 Rupis·

334 3465 541 3544 Spoletanum,
562 3461 802 3543 llloersburgios,
817 3463 967 3526 Welzium
984 3470 1015 3526 et
1030 3463 1232 3544 Geizigkoffe-

336 3586 413 3644 rum,
435 3567 472 3628 de
493 3583 555 3649 quo
576 3569 730 3647 postremo
751 3565 922 3646 moxplura
938 3564 1064 3628 dicenda
1080 3565 1209 3629 venient.
