<?xml version="1.0" encoding="UTF-8"?>
<!DOCTYPE html PUBLIC "-//W3C//DTD XHTML 1.0 Transitional//EN"
    "http://www.w3.org/TR/xhtml1/DTD/xhtml1-transitional.dtd">
<html xmlns="http://www.w3.org/1999/xhtml" xml:lang="en" lang="en">
 <head>
  <title>
</title>
<meta http-equiv="Content-Type" content="text/html;charset=utf-8" />
  <meta name='ocr-system' content='tesseract 3.04.00' />
  <meta name='ocr-capabilities' content='ocr_page ocr_carea ocr_par ocr_line ocrx_word'/>
</head>
<body>
  <div class='ocr_page' id='page_1' title='image "./ioannisvalentin00andrgoog_0065.png"; bbox 0 0 3025 4409; ppageno 0'>
   <div class='ocr_carea' id='block_1_1' title="bbox 551 480 1179 551">
    <p class='ocr_par' dir='ltr' id='par_1_1' title="bbox 551 480 1179 551">
     <span class='ocr_line' id='line_1_1' title="bbox 551 480 1179 551; baseline 0.01 -18"><span class='ocrx_word' id='word_1_1' title='bbox 551 480 705 535; x_wconf 80' lang='lat' dir='ltr'>Incendium</span> <span class='ocrx_word' id='word_1_2' title='bbox 723 480 911 551; x_wconf 78' lang='lat' dir='ltr'>Vaibiugeuse.</span> <span class='ocrx_word' id='word_1_3' title='bbox 1139 491 1179 550; x_wconf 78' lang='lat'>55</span> 
     </span>
    </p>
   </div>
   <div class='ocr_carea' id='block_1_2' title="bbox 281 638 1177 2025">
    <p class='ocr_par' dir='ltr' id='par_1_2' title="bbox 281 638 1177 2025">
     <span class='ocr_line' id='line_1_2' title="bbox 286 638 1177 717; baseline 0 -16"><span class='ocrx_word' id='word_1_4' title='bbox 286 639 417 701; x_wconf 75' lang='lat' dir='ltr'><strong>defuncti</strong></span> <span class='ocrx_word' id='word_1_5' title='bbox 439 638 553 717; x_wconf 84' lang='lat' dir='ltr'>integra</span> <span class='ocrx_word' id='word_1_6' title='bbox 574 638 658 711; x_wconf 90' lang='lat' dir='ltr'>villa;</span> <span class='ocrx_word' id='word_1_7' title='bbox 690 645 757 699; x_wconf 86' lang='lat' dir='ltr'>ante</span> <span class='ocrx_word' id='word_1_8' title='bbox 778 639 922 700; x_wconf 81' lang='lat' dir='ltr'>Matthiae</span> <span class='ocrx_word' id='word_1_9' title='bbox 942 638 1080 701; x_wconf 88' lang='lat' dir='ltr'>Stoederi</span> <span class='ocrx_word' id='word_1_10' title='bbox 1103 640 1177 701; x_wconf 88' lang='lat' dir='ltr'>divi-</span> 
     </span>
     <span class='ocr_line' id='line_1_3' title="bbox 284 738 1176 819; baseline 0 -18"><span class='ocrx_word' id='word_1_11' title='bbox 284 760 335 801; x_wconf 90' lang='lat' dir='ltr'>sae</span> <span class='ocrx_word' id='word_1_12' title='bbox 357 761 426 801; x_wconf 90' lang='lat' dir='ltr'>cum</span> <span class='ocrx_word' id='word_1_13' title='bbox 447 738 597 799; x_wconf 84' lang='lat' dir='ltr'>Laurentii</span> <span class='ocrx_word' id='word_1_14' title='bbox 619 740 768 819; x_wconf 86' lang='lat' dir='ltr'>quondam</span> <span class='ocrx_word' id='word_1_15' title='bbox 785 739 910 815; x_wconf 81' lang='lat' dir='ltr'>Fiuolrii,</span> <span class='ocrx_word' id='word_1_16' title='bbox 931 738 1176 801; x_wconf 86' lang='lat' dir='ltr'>MichaelisBen-</span> 
     </span>
     <span class='ocr_line' id='line_1_4' title="bbox 284 838 1176 919; baseline 0 -18"><span class='ocrx_word' id='word_1_17' title='bbox 284 842 349 901; x_wconf 89' lang='lat' dir='ltr'>deri</span> <span class='ocrx_word' id='word_1_18' title='bbox 370 838 561 919; x_wconf 79' lang='lat' dir='ltr'><strong>praefectorii</strong></span> <span class='ocrx_word' id='word_1_19' title='bbox 588 838 644 899; x_wconf 91' lang='lat' dir='ltr'>viri</span> <span class='ocrx_word' id='word_1_20' title='bbox 669 838 772 914; x_wconf 89' lang='lat' dir='ltr'>binae,</span> <span class='ocrx_word' id='word_1_21' title='bbox 799 839 921 900; x_wconf 90' lang='lat' dir='ltr'>Henrici</span> <span class='ocrx_word' id='word_1_22' title='bbox 941 839 1086 901; x_wconf 86' lang='lat' dir='ltr'>Weisseri</span> <span class='ocrx_word' id='word_1_23' title='bbox 1106 840 1176 901; x_wconf 87' lang='lat' dir='ltr'>dum</span> 
     </span>
     <span class='ocr_line' id='line_1_5' title="bbox 283 940 1175 1020; baseline 0 -19"><span class='ocrx_word' id='word_1_24' title='bbox 283 942 399 1001; x_wconf 87' lang='lat' dir='ltr'>viveret</span> <span class='ocrx_word' id='word_1_25' title='bbox 426 940 508 1001; x_wconf 90' lang='lat' dir='ltr'>urbis</span> <span class='ocrx_word' id='word_1_26' title='bbox 536 940 667 1015; x_wconf 88' lang='lat' dir='ltr'>scribae,</span> <span class='ocrx_word' id='word_1_27' title='bbox 691 942 778 1017; x_wconf 91' lang='lat' dir='ltr'>juxta</span> <span class='ocrx_word' id='word_1_28' title='bbox 805 940 950 1001; x_wconf 80' lang='lat' dir='ltr'>lobannis</span> <span class='ocrx_word' id='word_1_29' title='bbox 975 940 1086 1020; x_wconf 85' lang='lat' dir='ltr'>Rappi,</span> <span class='ocrx_word' id='word_1_30' title='bbox 1119 941 1175 1001; x_wconf 89' lang='lat' dir='ltr'>Mi-</span> 
     </span>
     <span class='ocr_line' id='line_1_6' title="bbox 283 1040 1176 1121; baseline -0.001 -20"><span class='ocrx_word' id='word_1_31' title='bbox 283 1040 394 1101; x_wconf 86' lang='lat' dir='ltr'>chaelis</span> <span class='ocrx_word' id='word_1_32' title='bbox 421 1041 493 1101; x_wconf 87' lang='lat' dir='ltr'>Hasi</span> <span class='ocrx_word' id='word_1_33' title='bbox 521 1042 753 1121; x_wconf 82' lang='lat' dir='ltr'>requiescentis,</span> <span class='ocrx_word' id='word_1_34' title='bbox 776 1041 890 1101; x_wconf 87' lang='lat' dir='ltr'>Tobiae</span> <span class='ocrx_word' id='word_1_35' title='bbox 910 1040 1176 1101; x_wconf 87' lang='lat' dir='ltr'>Brackenbaemeri</span> 
     </span>
     <span class='ocr_line' id='line_1_7' title="bbox 282 1140 1175 1223; baseline 0 -20"><span class='ocrx_word' id='word_1_36' title='bbox 282 1141 367 1203; x_wconf 89' lang='lat' dir='ltr'>urbis</span> <span class='ocrx_word' id='word_1_37' title='bbox 388 1141 545 1221; x_wconf 86' lang='lat' dir='ltr'>praelecti;</span> <span class='ocrx_word' id='word_1_38' title='bbox 573 1150 655 1203; x_wconf 88' lang='lat' dir='ltr'>retro</span> <span class='ocrx_word' id='word_1_39' title='bbox 676 1142 761 1203; x_wconf 89' lang='lat' dir='ltr'>urbis</span> <span class='ocrx_word' id='word_1_40' title='bbox 782 1140 1017 1222; x_wconf 75' lang='lat' dir='ltr'>promptuarium</span> <span class='ocrx_word' id='word_1_41' title='bbox 1038 1147 1068 1203; x_wconf 89' lang='lat' dir='ltr'>et</span> <span class='ocrx_word' id='word_1_42' title='bbox 1087 1162 1175 1223; x_wconf 88' lang='lat' dir='ltr'>quam</span> 
     </span>
     <span class='ocr_line' id='line_1_8' title="bbox 283 1240 1174 1321; baseline 0 -20"><span class='ocrx_word' id='word_1_43' title='bbox 283 1240 409 1320; x_wconf 88' lang='lat' dir='ltr'>plurima</span> <span class='ocrx_word' id='word_1_44' title='bbox 432 1242 552 1317; x_wconf 88' lang='lat' dir='ltr'>horrea,</span> <span class='ocrx_word' id='word_1_45' title='bbox 581 1249 644 1303; x_wconf 92' lang='lat' dir='ltr'>tum</span> <span class='ocrx_word' id='word_1_46' title='bbox 664 1244 702 1302; x_wconf 83' lang='lat' dir='ltr'>ad</span> <span class='ocrx_word' id='word_1_47' title='bbox 721 1262 837 1302; x_wconf 91' lang='lat' dir='ltr'>murum</span> <span class='ocrx_word' id='word_1_48' title='bbox 858 1241 1072 1319; x_wconf 86' lang='lat' dir='ltr'>spatiosissima</span> <span class='ocrx_word' id='word_1_49' title='bbox 1092 1242 1174 1321; x_wconf 88' lang='lat' dir='ltr'>prin·</span> 
     </span>
     <span class='ocr_line' id='line_1_9' title="bbox 283 1342 1172 1423; baseline 0.002 -22"><span class='ocrx_word' id='word_1_50' title='bbox 283 1342 358 1420; x_wconf 86' lang='lat' dir='ltr'>cipis</span> <span class='ocrx_word' id='word_1_51' title='bbox 379 1342 476 1402; x_wconf 85' lang='lat' dir='ltr'>nostri</span> <span class='ocrx_word' id='word_1_52' title='bbox 497 1344 646 1421; x_wconf 81' lang='lat' dir='ltr'>granaria,</span> <span class='ocrx_word' id='word_1_53' title='bbox 667 1343 796 1417; x_wconf 88' lang='lat' dir='ltr'>vinaria,</span> <span class='ocrx_word' id='word_1_54' title='bbox 818 1343 994 1417; x_wconf 89' lang='lat' dir='ltr'>torcularia,</span> <span class='ocrx_word' id='word_1_55' title='bbox 1022 1362 1098 1423; x_wconf 88' lang='lat' dir='ltr'>quae</span> <span class='ocrx_word' id='word_1_56' title='bbox 1120 1363 1172 1403; x_wconf 89' lang='lat' dir='ltr'>co-</span> 
     </span>
     <span class='ocr_line' id='line_1_10' title="bbox 283 1441 1173 1523; baseline 0.002 -20"><span class='ocrx_word' id='word_1_57' title='bbox 283 1441 385 1503; x_wconf 90' lang='lat' dir='ltr'>mitum</span> <span class='ocrx_word' id='word_1_58' title='bbox 407 1441 478 1503; x_wconf 90' lang='lat' dir='ltr'>olim</span> <span class='ocrx_word' id='word_1_59' title='bbox 500 1442 741 1523; x_wconf 83' lang='lat' dir='ltr'>Vailringensium</span> <span class='ocrx_word' id='word_1_60' title='bbox 762 1449 878 1503; x_wconf 89' lang='lat' dir='ltr'>vetusta</span> <span class='ocrx_word' id='word_1_61' title='bbox 906 1451 936 1503; x_wconf 93' lang='lat' dir='ltr'>et</span> <span class='ocrx_word' id='word_1_62' title='bbox 954 1443 1106 1523; x_wconf 87' lang='lat' dir='ltr'>perampla</span> <span class='ocrx_word' id='word_1_63' title='bbox 1125 1464 1173 1505; x_wconf 89' lang='lat' dir='ltr'>se-</span> 
     </span>
     <span class='ocr_line' id='line_1_11' title="bbox 283 1542 1172 1623; baseline 0.007 -23"><span class='ocrx_word' id='word_1_64' title='bbox 283 1542 338 1601; x_wconf 87' lang='lat' dir='ltr'>des</span> <span class='ocrx_word' id='word_1_65' title='bbox 358 1548 429 1603; x_wconf 87' lang='lat' dir='ltr'>erat.</span> <span class='ocrx_word' id='word_1_66' title='bbox 478 1543 587 1603; x_wconf 90' lang='lat' dir='ltr'>Omnia</span> <span class='ocrx_word' id='word_1_67' title='bbox 607 1546 679 1605; x_wconf 90' lang='lat' dir='ltr'>haec</span> <span class='ocrx_word' id='word_1_68' title='bbox 702 1564 795 1623; x_wconf 89' lang='lat' dir='ltr'>opere</span> <span class='ocrx_word' id='word_1_69' title='bbox 817 1558 846 1604; x_wconf 87' lang='lat' dir='ltr'>et</span> <span class='ocrx_word' id='word_1_70' title='bbox 867 1545 964 1623; x_wconf 87' lang='lat' dir='ltr'>pretio</span> <span class='ocrx_word' id='word_1_71' title='bbox 985 1544 1078 1622; x_wconf 85' lang='lat' dir='ltr'>magis</span> <span class='ocrx_word' id='word_1_72' title='bbox 1100 1565 1172 1606; x_wconf 89' lang='lat' dir='ltr'>oon-</span> 
     </span>
     <span class='ocr_line' id='line_1_12' title="bbox 282 1642 1173 1722; baseline 0.003 -19"><span class='ocrx_word' id='word_1_73' title='bbox 282 1642 387 1722; x_wconf 90' lang='lat' dir='ltr'>spicua</span> <span class='ocrx_word' id='word_1_74' title='bbox 407 1650 525 1721; x_wconf 88' lang='lat' dir='ltr'>praeter</span> <span class='ocrx_word' id='word_1_75' title='bbox 546 1645 743 1706; x_wconf 85' lang='lat' dir='ltr'>miserandum</span> <span class='ocrx_word' id='word_1_76' title='bbox 765 1665 921 1706; x_wconf 88' lang='lat' dir='ltr'>numerum</span> <span class='ocrx_word' id='word_1_77' title='bbox 939 1644 1173 1706; x_wconf 86' lang='lat' dir='ltr'>iuternrixtarum</span> 
     </span>
     <span class='ocr_line' id='line_1_13' title="bbox 282 1743 1172 1825; baseline 0.003 -22"><span class='ocrx_word' id='word_1_78' title='bbox 282 1743 432 1805; x_wconf 88' lang='lat' dir='ltr'>minorum</span> <span class='ocrx_word' id='word_1_79' title='bbox 461 1744 576 1805; x_wconf 88' lang='lat' dir='ltr'>aedium</span> <span class='ocrx_word' id='word_1_80' title='bbox 605 1746 681 1825; x_wconf 86' lang='lat' dir='ltr'>ignis</span> <span class='ocrx_word' id='word_1_81' title='bbox 707 1745 846 1820; x_wconf 88' lang='lat' dir='ltr'>involvit,</span> <span class='ocrx_word' id='word_1_82' title='bbox 879 1746 1011 1825; x_wconf 90' lang='lat' dir='ltr'>sepeliit,</span> <span class='ocrx_word' id='word_1_83' title='bbox 1045 1746 1172 1823; x_wconf 82' lang='lat' dir='ltr'>depavit,</span> 
     </span>
     <span class='ocr_line' id='line_1_14' title="bbox 281 1842 1171 1925; baseline 0.004 -22"><span class='ocrx_word' id='word_1_84' title='bbox 281 1842 461 1904; x_wconf 83' lang='lat' dir='ltr'>lamentabili</span> <span class='ocrx_word' id='word_1_85' title='bbox 490 1844 591 1925; x_wconf 88' lang='lat' dir='ltr'>ntique</span> <span class='ocrx_word' id='word_1_86' title='bbox 619 1844 806 1924; x_wconf 90' lang='lat' dir='ltr'>spectaculo,</span> <span class='ocrx_word' id='word_1_87' title='bbox 832 1866 899 1905; x_wconf 88' lang='lat' dir='ltr'>cum</span> <span class='ocrx_word' id='word_1_88' title='bbox 924 1847 1082 1924; x_wconf 76' lang='lat' dir='ltr'>desperato</span> <span class='ocrx_word' id='word_1_89' title='bbox 1103 1866 1171 1907; x_wconf 91' lang='lat' dir='ltr'>suc-</span> 
     </span>
     <span class='ocr_line' id='line_1_15' title="bbox 282 1944 1171 2025; baseline 0.001 -20"><span class='ocrx_word' id='word_1_90' title='bbox 282 1964 375 2005; x_wconf 91' lang='lat' dir='ltr'>cursu</span> <span class='ocrx_word' id='word_1_91' title='bbox 403 1964 438 2005; x_wconf 87' lang='lat' dir='ltr'>ac</span> <span class='ocrx_word' id='word_1_92' title='bbox 465 1944 612 2007; x_wconf 90' lang='lat' dir='ltr'>interdum</span> <span class='ocrx_word' id='word_1_93' title='bbox 638 1946 688 2005; x_wconf 88' lang='lat' dir='ltr'>vix</span> <span class='ocrx_word' id='word_1_94' title='bbox 717 1965 812 2025; x_wconf 90' lang='lat' dir='ltr'>aquae</span> <span class='ocrx_word' id='word_1_95' title='bbox 837 1946 926 2006; x_wconf 86' lang='lat' dir='ltr'>situla</span> <span class='ocrx_word' id='word_1_96' title='bbox 946 1946 1052 2019; x_wconf 84' lang='lat' dir='ltr'>effusa,</span> <span class='ocrx_word' id='word_1_97' title='bbox 1081 1946 1171 2007; x_wconf 88' lang='lat' dir='ltr'>salvis</span> 
     </span>
    </p>
   </div>
   <div class='ocr_carea' id='block_1_3' title="bbox 281 2145 1171 2227">
    <p class='ocr_par' dir='ltr' id='par_1_3' title="bbox 281 2145 1171 2227">
     <span class='ocr_line' id='line_1_16' title="bbox 281 2145 1171 2227; baseline 0.003 -22"><span class='ocrx_word' id='word_1_98' title='bbox 281 2152 394 2208; x_wconf 88' lang='lat' dir='ltr'>rentur.</span> <span class='ocrx_word' id='word_1_99' title='bbox 428 2146 537 2207; x_wconf 88' lang='lat' dir='ltr'>Videre</span> <span class='ocrx_word' id='word_1_100' title='bbox 558 2154 629 2221; x_wconf 91' lang='lat' dir='ltr'>erat,</span> <span class='ocrx_word' id='word_1_101' title='bbox 651 2166 727 2227; x_wconf 89' lang='lat' dir='ltr'>quae</span> <span class='ocrx_word' id='word_1_102' title='bbox 744 2145 836 2225; x_wconf 92' lang='lat' dir='ltr'>paulo</span> <span class='ocrx_word' id='word_1_103' title='bbox 851 2152 919 2207; x_wconf 83' lang='lat' dir='ltr'>ante</span> <span class='ocrx_word' id='word_1_104' title='bbox 938 2146 1073 2225; x_wconf 80' lang='lat' dir='ltr'>profugis</span> <span class='ocrx_word' id='word_1_105' title='bbox 1089 2146 1171 2208; x_wconf 89' lang='lat' dir='ltr'>velut</span> 
     </span>
    </p>
   </div>
   <div class='ocr_carea' id='block_1_4' title="bbox 280 2245 1170 3635">
    <p class='ocr_par' dir='ltr' id='par_1_4' title="bbox 280 2245 1170 3635">
     <span class='ocr_line' id='line_1_17' title="bbox 280 2245 1170 2325; baseline 0.003 -18"><span class='ocrx_word' id='word_1_106' title='bbox 280 2246 367 2325; x_wconf 87' lang='lat' dir='ltr'>asyla</span> <span class='ocrx_word' id='word_1_107' title='bbox 393 2252 476 2307; x_wconf 87' lang='lat' dir='ltr'>erant</span> <span class='ocrx_word' id='word_1_108' title='bbox 501 2253 530 2307; x_wconf 89' lang='lat' dir='ltr'>et</span> <span class='ocrx_word' id='word_1_109' title='bbox 556 2246 703 2307; x_wconf 88' lang='lat' dir='ltr'>variarum</span> <span class='ocrx_word' id='word_1_110' title='bbox 730 2245 912 2307; x_wconf 90' lang='lat' dir='ltr'>sarcinarum</span> <span class='ocrx_word' id='word_1_111' title='bbox 937 2254 1000 2307; x_wconf 94' lang='lat' dir='ltr'>tum</span> <span class='ocrx_word' id='word_1_112' title='bbox 1027 2268 1170 2310; x_wconf 88' lang='lat' dir='ltr'>cunarum</span> 
     </span>
     <span class='ocr_line' id='line_1_18' title="bbox 282 2345 1169 2427; baseline 0.003 -20"><span class='ocrx_word' id='word_1_113' title='bbox 282 2353 314 2407; x_wconf 88' lang='lat' dir='ltr'>et</span> <span class='ocrx_word' id='word_1_114' title='bbox 340 2345 514 2423; x_wconf 87' lang='lat' dir='ltr'>ejulantium</span> <span class='ocrx_word' id='word_1_115' title='bbox 540 2347 700 2425; x_wconf 88' lang='lat' dir='ltr'>pusionnm</span> <span class='ocrx_word' id='word_1_116' title='bbox 727 2346 929 2426; x_wconf 88' lang='lat' dir='ltr'>receptacula,</span> <span class='ocrx_word' id='word_1_117' title='bbox 955 2348 1032 2409; x_wconf 86' lang='lat' dir='ltr'>intra</span> <span class='ocrx_word' id='word_1_118' title='bbox 1051 2350 1169 2427; x_wconf 88' lang='lat' dir='ltr'>paucis-</span> 
     </span>
     <span class='ocr_line' id='line_1_19' title="bbox 281 2446 1170 2528; baseline 0.003 -21"><span class='ocrx_word' id='word_1_119' title='bbox 281 2446 356 2507; x_wconf 90' lang='lat' dir='ltr'>sima</span> <span class='ocrx_word' id='word_1_120' title='bbox 376 2452 525 2507; x_wconf 88' lang='lat' dir='ltr'>momenta</span> <span class='ocrx_word' id='word_1_121' title='bbox 545 2446 696 2509; x_wconf 87' lang='lat' dir='ltr'>horrendo</span> <span class='ocrx_word' id='word_1_122' title='bbox 718 2446 830 2526; x_wconf 87' lang='lat' dir='ltr'>impetu</span> <span class='ocrx_word' id='word_1_123' title='bbox 851 2448 951 2509; x_wconf 89' lang='lat' dir='ltr'>invadi</span> <span class='ocrx_word' id='word_1_124' title='bbox 972 2456 1001 2509; x_wconf 91' lang='lat' dir='ltr'>et</span> <span class='ocrx_word' id='word_1_125' title='bbox 1017 2449 1170 2528; x_wconf 87' lang='lat' dir='ltr'>trepidan-</span> 
     </span>
     <span class='ocr_line' id='line_1_20' title="bbox 281 2546 1168 2627; baseline 0 -18"><span class='ocrx_word' id='word_1_126' title='bbox 281 2554 341 2609; x_wconf 91' lang='lat' dir='ltr'>tem</span> <span class='ocrx_word' id='word_1_127' title='bbox 363 2546 479 2609; x_wconf 87' lang='lat' dir='ltr'>turbam</span> <span class='ocrx_word' id='word_1_128' title='bbox 499 2546 569 2607; x_wconf 88' lang='lat' dir='ltr'>loco</span> <span class='ocrx_word' id='word_1_129' title='bbox 590 2547 671 2626; x_wconf 88' lang='lat' dir='ltr'>pelli.</span> <span class='ocrx_word' id='word_1_130' title='bbox 713 2548 848 2627; x_wconf 86' lang='lat' dir='ltr'>Eooqua,</span> <span class='ocrx_word' id='word_1_131' title='bbox 875 2550 959 2609; x_wconf 91' lang='lat' dir='ltr'>Deus</span> <span class='ocrx_word' id='word_1_132' title='bbox 978 2548 1073 2610; x_wconf 88' lang='lat' dir='ltr'>boue!</span> <span class='ocrx_word' id='word_1_133' title='bbox 1106 2570 1168 2609; x_wconf 89' lang='lat' dir='ltr'>ma-</span> 
     </span>
     <span class='ocr_line' id='line_1_21' title="bbox 281 2647 1168 2728; baseline 0.002 -19"><span class='ocrx_word' id='word_1_134' title='bbox 281 2657 361 2709; x_wconf 90' lang='lat' dir='ltr'>trum</span> <span class='ocrx_word' id='word_1_135' title='bbox 381 2647 537 2725; x_wconf 85' lang='lat' dir='ltr'>bajulatio!</span> <span class='ocrx_word' id='word_1_136' title='bbox 571 2667 646 2728; x_wconf 92' lang='lat' dir='ltr'>quae</span> <span class='ocrx_word' id='word_1_137' title='bbox 666 2654 783 2727; x_wconf 92' lang='lat' dir='ltr'>patrum</span> <span class='ocrx_word' id='word_1_138' title='bbox 803 2647 834 2708; x_wconf 93' lang='lat' dir='ltr'>in</span> <span class='ocrx_word' id='word_1_139' title='bbox 854 2649 1047 2710; x_wconf 83' lang='lat' dir='ltr'>extrudendis</span> <span class='ocrx_word' id='word_1_140' title='bbox 1065 2649 1168 2711; x_wconf 90' lang='lat' dir='ltr'>liberis</span> 
     </span>
     <span class='ocr_line' id='line_1_22' title="bbox 281 2748 1169 2831; baseline 0.003 -22"><span class='ocrx_word' id='word_1_141' title='bbox 281 2748 445 2810; x_wconf 78' lang='lat' dir='ltr'>festinatio!</span> <span class='ocrx_word' id='word_1_142' title='bbox 476 2749 542 2829; x_wconf 90' lang='lat' dir='ltr'>quis</span> <span class='ocrx_word' id='word_1_143' title='bbox 560 2756 619 2811; x_wconf 82' lang='lat' dir='ltr'>tam</span> <span class='ocrx_word' id='word_1_144' title='bbox 633 2748 805 2809; x_wconf 89' lang='lat' dir='ltr'>immaturae</span> <span class='ocrx_word' id='word_1_145' title='bbox 818 2748 921 2809; x_wconf 84' lang='lat' dir='ltr'>aetatis</span> <span class='ocrx_word' id='word_1_146' title='bbox 935 2752 1059 2829; x_wconf 85' lang='lat' dir='ltr'>stupor?</span> <span class='ocrx_word' id='word_1_147' title='bbox 1086 2752 1169 2831; x_wconf 93' lang='lat' dir='ltr'>quod</span> 
     </span>
     <span class='ocr_line' id='line_1_23' title="bbox 281 2848 1168 2935; baseline -0.001 -22"><span class='ocrx_word' id='word_1_148' title='bbox 281 2849 512 2935; x_wconf 81' lang='lat' dir='ltr'>discurrentium</span> <span class='ocrx_word' id='word_1_149' title='bbox 531 2849 562 2927; x_wconf 81' lang='lat' dir='ltr'>in</span> <span class='ocrx_word' id='word_1_150' title='bbox 584 2849 714 2911; x_wconf 84' lang='lat' dir='ltr'>tenebris</span> <span class='ocrx_word' id='word_1_151' title='bbox 734 2850 843 2910; x_wconf 86' lang='lat' dir='ltr'>cbaos?</span> <span class='ocrx_word' id='word_1_152' title='bbox 872 2848 985 2911; x_wconf 83' lang='lat' dir='ltr'>Enituit</span> <span class='ocrx_word' id='word_1_153' title='bbox 1004 2857 1101 2911; x_wconf 87' lang='lat' dir='ltr'>tamen</span> <span class='ocrx_word' id='word_1_154' title='bbox 1122 2852 1168 2912; x_wconf 91' lang='lat' dir='ltr'>in-</span> 
     </span>
     <span class='ocr_line' id='line_1_24' title="bbox 280 2950 1168 3029; baseline 0.001 -18"><span class='ocrx_word' id='word_1_155' title='bbox 280 2958 327 3012; x_wconf 90' lang='lat' dir='ltr'>ter</span> <span class='ocrx_word' id='word_1_156' title='bbox 344 2950 400 3011; x_wconf 93' lang='lat' dir='ltr'>hos</span> <span class='ocrx_word' id='word_1_157' title='bbox 416 2950 603 3028; x_wconf 83' lang='lat' dir='ltr'>promiscuae</span> <span class='ocrx_word' id='word_1_158' title='bbox 621 2950 707 3029; x_wconf 79' lang='lat' dir='ltr'>fugae</span> <span class='ocrx_word' id='word_1_159' title='bbox 726 2969 846 3011; x_wconf 90' lang='lat' dir='ltr'>errores</span> <span class='ocrx_word' id='word_1_160' title='bbox 864 2950 973 3011; x_wconf 89' lang='lat' dir='ltr'>nobilis</span> <span class='ocrx_word' id='word_1_161' title='bbox 988 2950 1053 3027; x_wconf 88' lang='lat' dir='ltr'>viri,</span> <span class='ocrx_word' id='word_1_162' title='bbox 1074 2953 1168 3012; x_wconf 89' lang='lat' dir='ltr'>Fran-</span> 
     </span>
     <span class='ocr_line' id='line_1_25' title="bbox 281 3050 1167 3129; baseline 0.002 -18"><span class='ocrx_word' id='word_1_163' title='bbox 281 3050 355 3113; x_wconf 86' lang='lat' dir='ltr'>cisci</span> <span class='ocrx_word' id='word_1_164' title='bbox 383 3050 527 3111; x_wconf 89' lang='lat' dir='ltr'>Ludovici</span> <span class='ocrx_word' id='word_1_165' title='bbox 556 3050 659 3111; x_wconf 89' lang='lat' dir='ltr'>Zornii</span> <span class='ocrx_word' id='word_1_166' title='bbox 686 3050 892 3112; x_wconf 87' lang='lat' dir='ltr'>Bulacbieusis</span> <span class='ocrx_word' id='word_1_167' title='bbox 926 3050 1030 3113; x_wconf 90' lang='lat' dir='ltr'>urbem</span> <span class='ocrx_word' id='word_1_168' title='bbox 1060 3053 1167 3129; x_wconf 81' lang='lat' dir='ltr'>guber-</span> 
     </span>
     <span class='ocr_line' id='line_1_26' title="bbox 281 3150 1167 3232; baseline 0.002 -21"><span class='ocrx_word' id='word_1_169' title='bbox 281 3151 379 3213; x_wconf 87' lang='lat' dir='ltr'>nantis</span> <span class='ocrx_word' id='word_1_170' title='bbox 400 3150 573 3227; x_wconf 88' lang='lat' dir='ltr'>humauitas‚</span> <span class='ocrx_word' id='word_1_171' title='bbox 595 3150 646 3232; x_wconf 90' lang='lat' dir='ltr'>qui</span> <span class='ocrx_word' id='word_1_172' title='bbox 667 3151 743 3212; x_wconf 87' lang='lat' dir='ltr'>baud</span> <span class='ocrx_word' id='word_1_173' title='bbox 766 3151 836 3213; x_wconf 91' lang='lat' dir='ltr'>satis</span> <span class='ocrx_word' id='word_1_174' title='bbox 858 3151 923 3230; x_wconf 90' lang='lat' dir='ltr'>ipse</span> <span class='ocrx_word' id='word_1_175' title='bbox 945 3159 1028 3211; x_wconf 89' lang='lat' dir='ltr'>extra</span> <span class='ocrx_word' id='word_1_176' title='bbox 1048 3152 1167 3229; x_wconf 89' lang='lat' dir='ltr'>pericu·</span> 
     </span>
     <span class='ocr_line' id='line_1_27' title="bbox 282 3251 1168 3331; baseline 0 -18"><span class='ocrx_word' id='word_1_177' title='bbox 282 3252 353 3326; x_wconf 89' lang='lat' dir='ltr'>lum,</span> <span class='ocrx_word' id='word_1_178' title='bbox 376 3258 473 3313; x_wconf 89' lang='lat' dir='ltr'>tamen</span> <span class='ocrx_word' id='word_1_179' title='bbox 494 3251 575 3331; x_wconf 93' lang='lat' dir='ltr'>quod</span> <span class='ocrx_word' id='word_1_180' title='bbox 597 3251 763 3315; x_wconf 88' lang='lat' dir='ltr'>sublimiori</span> <span class='ocrx_word' id='word_1_181' title='bbox 783 3252 895 3313; x_wconf 88' lang='lat' dir='ltr'>vertice</span> <span class='ocrx_word' id='word_1_182' title='bbox 911 3251 1056 3312; x_wconf 87' lang='lat' dir='ltr'>illustrem</span> <span class='ocrx_word' id='word_1_183' title='bbox 1068 3272 1168 3313; x_wconf 88' lang='lat' dir='ltr'>arcem</span> 
     </span>
     <span class='ocr_line' id='line_1_28' title="bbox 283 3351 1167 3431; baseline 0 -18"><span class='ocrx_word' id='word_1_184' title='bbox 283 3352 458 3413; x_wconf 88' lang='lat' dir='ltr'>inhabitaret</span> <span class='ocrx_word' id='word_1_185' title='bbox 483 3352 520 3411; x_wconf 91' lang='lat' dir='ltr'>ad</span> <span class='ocrx_word' id='word_1_186' title='bbox 542 3371 575 3412; x_wconf 91' lang='lat' dir='ltr'>se</span> <span class='ocrx_word' id='word_1_187' title='bbox 596 3351 688 3413; x_wconf 90' lang='lat' dir='ltr'>veluti</span> <span class='ocrx_word' id='word_1_188' title='bbox 710 3352 826 3413; x_wconf 84' lang='lat' dir='ltr'>exulem</span> <span class='ocrx_word' id='word_1_189' title='bbox 847 3352 978 3430; x_wconf 88' lang='lat' dir='ltr'>suscepit</span> <span class='ocrx_word' id='word_1_190' title='bbox 997 3353 1167 3431; x_wconf 91' lang='lat' dir='ltr'>puellorum</span> 
     </span>
     <span class='ocr_line' id='line_1_29' title="bbox 282 3452 1167 3533; baseline -0.002 -18"><span class='ocrx_word' id='word_1_191' title='bbox 282 3453 508 3533; x_wconf 87' lang='lat' dir='ltr'>puellarumque</span> <span class='ocrx_word' id='word_1_192' title='bbox 536 3452 766 3533; x_wconf 89' lang='lat' dir='ltr'>multitudinem,</span> <span class='ocrx_word' id='word_1_193' title='bbox 799 3462 829 3515; x_wconf 89' lang='lat' dir='ltr'>et</span> <span class='ocrx_word' id='word_1_194' title='bbox 859 3453 973 3531; x_wconf 82' lang='lat' dir='ltr'>integra</span> <span class='ocrx_word' id='word_1_195' title='bbox 999 3460 1088 3513; x_wconf 87' lang='lat' dir='ltr'>nocte</span> <span class='ocrx_word' id='word_1_196' title='bbox 1114 3474 1167 3531; x_wconf 88' lang='lat' dir='ltr'>pa-</span> 
     </span>
     <span class='ocr_line' id='line_1_30' title="bbox 283 3547 1164 3635; baseline 0.002 -21"><span class='ocrx_word' id='word_1_197' title='bbox 283 3562 383 3617; x_wconf 89' lang='lat' dir='ltr'>rentes</span> <span class='ocrx_word' id='word_1_198' title='bbox 398 3553 566 3616; x_wconf 85' lang='lat' dir='ltr'>securiores</span> <span class='ocrx_word' id='word_1_199' title='bbox 577 3554 647 3617; x_wconf 86' lang='lat' dir='ltr'>lecit</span> <span class='ocrx_word' id='word_1_200' title='bbox 657 3562 744 3635; x_wconf 88' lang='lat' dir='ltr'>atque</span> <span class='ocrx_word' id='word_1_201' title='bbox 761 3547 946 3616; x_wconf 88' lang='lat' dir='ltr'>restinctioui</span> <span class='ocrx_word' id='word_1_202' title='bbox 956 3552 1164 3631; x_wconf 79' lang='lat' dir='ltr'>expeditiores</span> 
     </span>
    </p>
   </div>
   <div class='ocr_carea' id='block_1_5' title="bbox 0 0 1518 4409">
    <p class='ocr_par' dir='ltr' id='par_1_5' title="bbox 0 0 1518 4409">
     <span class='ocr_line' id='line_1_31' title="bbox 0 0 1518 4409; baseline 0 3"><span class='ocrx_word' id='word_1_203' title='bbox 0 0 1518 4409; x_wconf 95' lang='lat' dir='ltr'> </span> 
     </span>
    </p>
   </div>
  </div>
 </body>
</html>
