3025 4409
332 508 374 570 94
606 500 690 555 Liber
704 502 735 556 ll.
769 499 954 556 teti-tem.

332 660 432 722 dentia
444 658 649 721 concreditam
660 658 767 721 faustis
778 658 959 737 onmibus*)
971 660 1096 739 recipio,
1111 682 1149 721 ιο
1159 661 1226 722 seli.

331 761 452 823 cissimo
479 760 585 821 itinere
609 761 668 821 huc
692 763 861 841 usque12.
882 760 988 822 diebus
1008 761 1149 822 conduco
1161 759 1226 836 ⁸⁹),

330 862 407 924 tristi
426 862 496 922 lieet
515 861 605 937 hujus
625 862 725 940 gaudii
746 870 871 938 eventu,
897 882 987 943 quam
1006 862 1131 923 biennio
1155 870 1227 942 post

328 965 423 1026 Flore
437 961 605 1040 juventutis
625 960 835 1040 expressi⁹⁰).
1255 1023 1260 1029 .

370 1066 540 1143 Antequam
565 1062 711 1141 Vaibinga
739 1064 930 1140 excederem,
963 1062 1121 1142 'l'ubingae
1147 1064 1225 1124 diem

329 1166 404 1227 obiit
422 1162 570 1225 Henricus
580 1162 760 1242 Wellingius
779 1164 1017 1225 27.Jan.162a
1049 1164 1146 1224 Latini
1166 1164 1225 1225 stili

328 1266 358 1327 in
383 1286 432 1325 me
458 1265 605 1325 formator
631 1264 797 1344 exqu'nitus
823 1273 853 1325 et
879 1265 1019 1341 sedulus,
1046 1265 1098 1345 qni
1121 1267 1226 1347 quanti

327 1365 551 1428 adolescentem
571 1365 689 1439 fecerit,
714 1365 765 1426 vel
783 1367 859 1426 baec
877 1366 1033 1446 inscriptio
1053 1367 1128 1426 citra
1147 1366 1224 1426 inui-

327 1467 407 1527 diam
427 1470 569 1527 testatur:
591 1467 629 1527 V.
651 1467 692 1526 Μ.
714 1468 747 1526 L.
770 1466 833 1526 blei
853 1486 871 1525 e
891 1466 992 1528 multis
1012 1467 1158 1528 carissimi
1178 1466 1223 1527 ai-

327 1568 396 1629 linis
416 1567 524 1629 Joban.
536 1567 688 1627 Valentini
697 1567 848 1641 Andreae,
867 1567 1015 1629 iohannis
1034 1567 1089 1627 filii
1107 1567 1223 1646 pupilli,

325 1668 433 1730 Jacob.
448 1667 602 1729 Andreaui
622 1668 750 1747 nepotis
772 1667 1003 1747 ingeniosissimi
1023 1667 1225 1729 adolescentis

327 1776 358 1830 et
381 1775 575 1848 paternarum
600 1768 809 1849 avitarnmque
834 1768 957 1829 laudum
982 1768 1093 1829 aemuli
1117 1775 1149 1829 et
1173 1788 1223 1830 se·

326 1870 450 1932 statoris
475 1868 651 1945 felicissimi,
678 1868 845 1931 amicomm
871 1869 942 1931 albo
962 1870 1041 1930 hanc
1059 1888 1224 1930 memorem

326 1972 438 2035 autoris
457 1978 559 2032 notam
579 1970 677 2031 infero
698 1970 740 2031 M.
754 1969 903 2031 Henricus
917 1969 1097 2050 Wellingius
1116 1970 1223 2030 latina·

326 2094 392 2135 rum
422 2072 575 2134 literarum
607 2070 637 2131 in
669 2069 854 2149 Tubingensi
884 2070 1037 2132 academia
1066 2072 1225 2149 professor

324 2171 578 2233 nt.Jan.1eo3.

367 2274 479 2332 Postea
498 2268 678 2331 adultiorem
697 2268 820 2331 infinitis
845 2278 877 2332 et
896 2271 1106 2351 hospitalitatis
1127 2279 1158 2333 et
1175 2272 1224 2332 in·

326 2370 513 2433 formationis
534 2369 622 2430 etiam
643 2371 808 2449 opportuni
828 2370 953 2433 subsidii
973 2371 1128 2433 beneficiis
1144 2372 1222 2433 adeo

326 2471 383 2535 sibi
403 2470 550 2545 devinxit,
572 2476 606 2531 ut
626 2469 675 2531 cui
694 2478 927 2550 praeceptorum
946 2472 1035 2551 plura
1055 2472 1222 2534 humanita-

325 2572 363 2634 tis
384 2571 481 2634 studia
504 2569 629 2631 debeam
650 2590 711 2632 non
732 2570 896 2647 inveniam,
917 2593 954 2634 ac
976 2572 1105 2653 proinde
1123 2574 1222 2635 virum

325 2678 359 2734 nt
387 2673 424 2732 de
453 2691 487 2732 re
512 2671 644 2734 literaria
671 2680 701 2734 et
727 2692 782 2734 sua
806 2674 904 2753 patria
925 2674 1076 2752 Tubiuga,
1105 2674 1147 2734 ita
1171 2695 1221 2735 me

324 2772 562 2853 praeclarissime
583 2773 720 2835 meritum
741 2774 923 2853 singularem
944 2774 1107 2834 memoriae
1124 2774 1221 2835 tabel-

323 2874 382 2935 lam
409 2880 494 2953 grata
523 2882 623 2935 mente
654 2876 843 2955 suspendam.
891 2875 946 2937 llic
975 2876 1121 2937 terminus
1154 2881 1220 2936 esto

324 2974 533 3054 Vaihingeusis
554 2975 701 3051 sexennii,
728 2976 811 3056 quod
832 2976 858 3038 si
877 2975 938 3037 loci
959 2976 1169 3038 amoenitatem
1191 2984 1221 3036 et

323 3074 504 3136 fertilitatem
525 3082 588 3137 tum
609 3075 713 3138 aetatis
733 3095 818 3136 meac
830 3076 965 3157 vigorem
984 3085 1117 3157 spectes,
1139 3075 1219 3137 veris

323 3182 354 3237 et
378 3178 499 3239 aestatis
525 3176 714 3240 interstitium
741 3176 799 3237 dici
821 3177 985 3250 debuisset3
1014 3179 1067 3241 sed
1088 3178 1157 3237 hinc
1177 3176 1220 3237 ci-

322 3278 403 3340 vium
425 3276 588 3353 discordia,
616 3278 685 3339 inde
705 3298 823 3339 morum
844 3280 1055 3359 corruptione,
1075 3286 1138 3340 tum
1158 3278 1219 3338 ira·

322 3381 427 3463 quenti
445 3400 513 3441 mea
533 3380 702 3454 vexatione,
725 3379 855 3461 denique
875 3380 947 3443 diris
967 3379 1028 3442 illis
1043 3378 1159 3441 iteratis
1171 3377 1218 3438 in-

388 3598 415 3667 *)
433 3594 522 3664 Geni:
542 3592 686 3647 ominibus.
