3025 4409
374 484 446 537 Vera
466 484 544 536 Unio.
580 480 705 536 Amicitia
723 495 784 536 oum
804 481 946 536 Garhardo
965 481 1046 534 laeta.
1100 491 1157 550 111

266 642 475 723 gladiatorium
496 641 592 716 oleat,
623 640 710 719 sapit
764 637 854 700 Certe
875 639 919 700 uti
939 637 1077 718 religioni
1104 659 1160 702 no-

265 751 345 805 strae
370 743 445 804 nihil
470 743 568 817 deest,
601 741 642 800 ita
669 739 844 818 disciplinae
872 739 1014 820 pleraque
1029 739 1159 816 absunt,

265 845 348 926 quod
375 844 549 905 Gerhardus
576 860 693 901 meeum
719 841 805 901 lateri
835 847 864 902 et
891 841 1049 919 deplorare
1082 855 1160 902 nun-

266 966 355 1027 quam
384 946 486 1019 desiit,
512 941 706 1004 familiaribus
734 941 763 1002 id
793 940 929 1022 epistolis
956 941 1165 1006 eruditissimis

264 1067 412 1126 persaepe
432 1051 566 1106 testatus.
604 1045 690 1118 Quae
711 1063 780 1103 cum
802 1041 940 1102 incendio
964 1043 1031 1104 mihi
1052 1063 1161 1122 magno

264 1168 335 1208 meo
356 1147 463 1207 dolore
484 1143 641 1222 perierint,
673 1145 755 1224 quod
781 1164 873 1204 unum
900 1143 937 1203 ab
958 1143 1052 1204 auriae
1072 1165 1162 1206 mauu

265 1256 404 1328 superest
422 1248 516 1306 mutui
532 1264 699 1305 consensus
716 1244 867 1320 indicium,
890 1244 972 1304 dono
994 1245 1079 1306 datae
1099 1247 1162 1324 prl-

266 1369 333 1408 mae
353 1348 445 1427 partis
462 1345 661 1406 confessionis
684 1344 848 1406 catholicae
859 1343 930 1419 ¹⁰⁶)
943 1345 1099 1424 inscriptio
1114 1347 1162 1408 hie

267 1449 396 1510 sufficiat
415 1467 492 1528 quaa
513 1447 556 1506 sio
577 1445 678 1506 habet:

313 1548 483 1610 Admodum
504 1547 687 1621 reverendo,
710 1546 829 1608 clariss·
859 1553 888 1606 et
910 1546 1164 1612 excellentissimo

267 1649 335 1710 viro
363 1649 433 1710 dno.
453 1647 584 1708 iohanni
596 1647 757 1708 Valentino
772 1647 911 1708 Andreae
932 1647 1075 1726 theologo
1098 1649 1163 1710 eni·

270 1750 332 1811 mio
351 1750 388 1810 de
398 1749 539 1810 universa
551 1746 663 1808 Christi
674 1747 802 1808 ecelesia
815 1745 969 1824 praeclare
982 1748 1098 1821 merito,
1111 1761 1161 1812 e'o-

272 1852 382 1913 olasiae
403 1848 560 1911 Calvensis
588 1849 619 1908 in
645 1849 755 1909 ducatu
782 1847 954 1908 Wiirtemb.
983 1847 1106 1910 antistiti
1133 1857 1162 1910 et

270 1953 453 2032 reliquarum
462 1949 543 2010 illius
553 1949 732 2012 dioeceseos
748 1946 942 2008 eeclesiarum
959 1948 1162 2026 superintend.

270 2051 507 2133 vigilantissimo,
530 2050 600 2112 dno.
616 2050 726 2111 fautori
746 2048 843 2108 amieo
865 2054 895 2108 et
914 2047 945 2110 in
961 2047 1082 2112 Christo
1103 2051 1162 2112 sra-

270 2157 309 2218 tri
330 2175 388 2216 suo
408 2152 487 2231 plur.
503 2151 613 2213 dilecto
635 2158 664 2212 et
684 2151 865 2212 honorando
887 2151 974 2212 mittit

714 2253 868 2314 lohannes
890 2251 1063 2314 Gerhardus
1082 2253 1120 2314 D.

313 2356 374 2432 Qui
402 2355 544 2416 decadem
570 2355 646 2414 liano
673 2353 792 2414 claudat
820 2355 871 2416 29.
893 2351 976 2416 nulla
1000 2371 1164 2431 propemo-

271 2457 342 2517 dum
367 2475 402 2516 re
423 2453 608 2516 memorabili
634 2454 827 2516 transmissus
854 2461 900 2514 est
924 2453 981 2514 nisi
1002 2453 1084 2536 quod
1105 2453 1164 2514 Ar·

268 2557 420 2636 gentinam
444 2553 609 2616 amicorum
630 2573 720 2614 causa
739 2574 802 2615 non
824 2554 889 2616 siue
909 2555 1035 2616 foenore
1056 2554 1164 2622 revisi;

268 2678 339 2720 uam
368 2675 438 2716 oum
462 2656 512 2716 vel
538 2654 634 2716 solius
654 2655 758 2719 Mattlr.
780 2652 1047 2732 Berneggeri¹⁰⁷)
1070 2655 1107 2716 V.
1126 2653 1162 2716 C.

269 2779 338 2820 eum
366 2775 428 2837 quo
449 2756 513 2832 jam
540 2756 591 2816 diu
615 2764 697 2816 arcta
722 2755 793 2814 milri
818 2754 943 2816 amicitia
972 2762 1017 2816 est
1042 2755 1164 2816 nomine

268 2859 343 2920 illue
363 2857 498 2928 ivissem3
528 2856 640 2916 addidit
666 2855 691 2916 is
712 2855 875 2916 amicorum
897 2855 999 2916 nobile
1019 2875 1074 2934 par
1093 2857 1162 2918 doh.

267 2953 532 3029 Solimidium¹⁰⁸)
554 2964 584 3017 et
602 2957 671 3016 doh.
691 2955 855 3034 Georgium
876 2954 1162 3033 Dorsehaeum¹⁰⁹)

267 3057 430 3136 theologos
450 3057 582 3135 insignes
603 3077 638 3117 ao
664 3056 747 3118 illum
768 3055 887 3135 quidem
915 3073 972 3134 pro
993 3055 1051 3116 Dei
1072 3056 1163 3120 donno

270 3159 418 3232 zelotem,
439 3177 474 3218 ao
496 3158 548 3238 qui
567 3157 657 3218 animi
677 3157 707 3216 in
729 3175 776 3217 me
796 3157 1031 3234 propensionem
1046 3157 1076 3218 in
1091 3177 1162 3218 exe-

269 3259 348 3339 quiis
373 3258 556 3336 Wegeliauis
574 3258 645 3333 ¹¹⁰)
676 3257 775 3336 palam
805 3255 906 3318 testari
939 3275 1003 3316 non
1035 3257 1162 3320 erubuit.

268 3360 331 3422 Sed
351 3365 382 3420 el
401 3358 569 3419 academiae
593 3364 696 3418 rector
715 3357 904 3418 Fruereisius
925 3377 993 3418 oum
1014 3357 1163 3438 aliquibus

269 3459 442 3539 insignioris
464 3467 554 3520 uotae
574 3458 800 3537 professoribus
821 3457 961 3520 convivio
976 3457 1092 3518 liberali
1109 3477 1161 3518 oo-

269 3561 357 3622 miter
377 3559 486 3624 habuit.
528 3560 667 3639 Denique
689 3567 718 3620 et
738 3557 823 3620 urbis
844 3558 951 3622 consul
972 3559 1039 3621 Joh.
1059 3558 1161 3622 Helle-
