3025 4409
345 515 406 574 212
625 505 707 558 biber
724 504 756 558 V.
792 503 976 560 1639-16t2.

348 665 428 743 peri,
458 663 506 723 cui
534 661 704 722 obsecranti
729 661 794 721 dies
821 663 903 737 data,
931 660 1046 739 collega
1075 659 1247 735 consulerit)

349 773 378 826 et
398 765 487 825 aliine
507 764 672 842 Josaphato
692 763 844 821 Weinlino
872 762 986 821 medico
1012 767 1102 841 atque
1129 762 1246 822 musico

350 865 516 926 excellente
549 884 654 924 omnes
682 862 889 941 hospitalitatis
922 881 1065 922 numeros
1096 863 1246 941 implenti-

349 966 421 1040 bus,
449 966 530 1045 quod
552 965 629 1024 idem
652 972 794 1042 exprertus
817 973 862 1024 est
884 961 1085 1035 tirouecoius,
1115 964 1165 1044 qui
1187 966 1247 1022 huc

350 1067 387 1125 ad
413 1085 461 1124 me
488 1085 524 1123 ex
546 1065 652 1124 itinere
674 1065 811 1123 redierat.
859 1065 944 1123 Unde
973 1062 1073 1121 Hailas
1100 1065 1246 1124 Suevicas

350 1165 491 1245 proiecti,
519 1165 599 1223 felici
627 1165 723 1224 reditu
750 1165 871 1223 domum
892 1166 941 1223 26.
959 1166 1040 1244 Sept.
1063 1164 1248 1243 pertigimus,

350 1267 427 1327 tristi
454 1285 527 1326 saue
554 1285 672 1346 quaqua
696 1264 810 1323 viarum
839 1264 878 1323 ob
905 1271 1002 1324 terrae
1028 1267 1195 1326 vastitatem
1217 1271 1249 1324 et

350 1369 485 1428 locorum
508 1367 722 1426 desolationem
745 1364 934 1442 spectacu10,
958 1366 1177 1448 jucundissima
1203 1374 1248 1425 ta-

352 1487 418 1528 men
448 1468 558 1527 amicae
585 1454 695 1546 passim
717 1465 955 1526 conversationis
981 1468 1137 1540 memoria,
1168 1485 1246 1546 quae

352 1591 419 1629 curn
431 1569 608 1630 desiderium
619 1567 782 1627 amicorum
794 1566 979 1644 restinguere
989 1568 1150 1642 debuisset,
1162 1567 1247 1648 quod

351 1673 381 1731 in
403 1671 513 1730 ardore
533 1670 625 1730 febris
646 1677 716 1747 post
736 1686 829 1746 aquas
851 1673 937 1743 potas
959 1668 1024 1727 fieri
1041 1669 1128 1741 solet,
1150 1670 1246 1745 majo-

350 1793 413 1832 rem
437 1772 523 1832 etiam
544 1770 621 1831 sitim
640 1767 787 1830 excitavit.
821 1769 894 1826 Post
906 1767 953 1828 to.
969 1769 1077 1830 Octob.
1093 1771 1246 1830 Bracken-

350 1872 487 1933 heimium
510 1871 665 1949 ablegatus
687 1889 768 1943 sum,
796 1874 830 1926 ut
858 1868 894 1926 de
921 1869 1086 1948 principum
1104 1871 1247 1945 juventu-

350 1975 388 2034 tis
419 1973 492 2033 Julii
524 1970 717 2050 Peregrinatii
752 1977 781 2028 et
808 1969 958 2030 Sueuonis
988 1970 1130 2030 Martialis
1156 1971 1247 2030 Edel-

350 2073 468 2152 nolphi,
490 2070 563 2131 Julii
583 2070 737 2132 Wirtemb.
760 2068 972 2146 filiorum²²²)
996 2070 1179 2148 profectibus
1201 2077 1246 2131 te-

351 2183 456 2247 starer,
472 2191 550 2252 quos
562 2171 618 2231 snb
636 2172 776 2250 magistro
794 2169 893 2230 Nicol.
910 2169 1035 2230 Gunaeo
1047 2170 1077 2230 iu
1095 2172 1203 2250 pietate
1216 2180 1248 2232 et

350 2275 445 2336 literis
463 2271 583 2333 minime
601 2271 740 2351 vulgares
759 2269 872 2348 reperi,
896 2277 1019 2330 matrem
1037 2290 1111 2332 vero
1128 2271 1247 2332 hunam

352 2375 491 2436 Sabinam
511 2372 639 2445 viduam,
662 2372 752 2431 domo
769 2370 930 2445 Holsatam,
952 2371 1117 2449 principem
1138 2372 1247 2432 corda-

350 2482 410 2534 tam
436 2479 467 2532 et
487 2489 639 2547 sagacem,
667 2477 779 2530 sortem
807 2491 890 2531 suam
911 2471 1060 2550 indignam
1088 2479 1118 2531 et
1138 2471 1246 2532 domus

265 2583 271 2587 '
351 2571 507 2635 Wirtemb.
524 2571 615 2630 fatum
636 2570 852 2650 deplorantem,
874 2571 951 2632 tristi
967 2571 1079 2652 utique,
1102 2583 1245 2652 quantum

351 2677 471 2737 fortuna
492 2672 579 2733 etiam
596 2670 724 2731 excelsis
745 2671 821 2733 locis
842 2671 947 2732 illudat
968 2671 1166 2751 imperatque,
1189 2673 1246 2732 do-

351 2783 500 2838 cumento.
555 2770 716 2832 Concessit
742 2773 833 2851 paulo
860 2778 931 2851 post
957 2772 1006 2832 30.
1029 2771 1096 2832 Oct.
1122 2773 1159 2832 ad
1187 2793 1245 2834 nos

349 2877 480 2937 filiorum
497 2872 765 2950 secundogenitus
783 2871 902 2949 Sylvius
915 2870 1082 2947 Nimbroth,
1102 2872 1245 2952 princeps

349 2979 387 3039 ad
411 2975 551 3036 amussim
575 2974 685 3048 lactus,
715 2980 744 3033 et
769 2973 929 3052 genuinum
957 2972 1076 3051 cognati
1100 2973 1244 3052 principis

349 3077 469 3140 Ernesti
498 3074 582 3136 ducis
605 3073 735 3133 Saxonis
756 3073 958 3147 vinariensis,
992 3072 1108 3134 Gothae
1131 3071 1245 3134 domiui

350 3180 520 3260 speculum,
552 3193 617 3234 cum
645 3174 816 3252 inspectore
844 3171 1050 3246 Scholziofflt)
1077 3191 1105 3232 v.
1125 3173 1162 3232 cl.
1191 3175 1243 3254 qui

350 3301 411 3342 non
432 3287 491 3340 tam
512 3296 595 3354 spem
622 3277 658 3335 de
681 3275 800 3336 Ernesti
820 3274 963 3354 principis
989 3274 1018 3334 in
1041 3293 1087 3334 me
1109 3293 1242 3353 propen-

415 3427 444 3487 ὓ)
462 3423 530 3476 Cod.
548 3424 577 3474 Α.
588 3422 620 3474 Β.
631 3427 658 3474 et
670 3439 692 3474 a
710 3421 834 3476 lacunam
849 3422 913 3474 usti
930 3422 969 3473 sin
989 3419 1112 3489 explent:
1130 3422 1243 3473 consule

347 3507 550 3580 christophoro
569 3504 792 3576 Hohenbergero.

396 3595 440 3661 ll)
458 3592 557 3646 Codd.:
580 3590 721 3645 Matthaeo
740 3587 879 3643 Scholzio.
