3025 4409
337 517 400 578 Μ
659 506 742 560 isaer
760 506 814 560 vn.
850 506 924 561 roso.

339 667 408 743 nin,
431 662 555 744 virginis
577 662 626 722 31.
644 663 771 724 Octobr.
807 662 981 724 Domestica
997 662 1084 723 etiam
1100 663 1128 722 iu
1145 682 1246 724 meum

340 787 427 828 usum
447 774 584 827 attexam.
632 763 728 824 Filius
751 762 885 824 Gottlieb
910 763 967 824 sub
988 763 1092 843 iniquo
1115 783 1247 824 censore

341 869 416 929 dura
427 868 478 928 diu
492 866 678 945 multumque
692 863 1140 944 perpessusWangbeimium²⁸
1150 863 1181 934 ⁶)
1199 872 1247 923 est

340 968 503 1029 translatus
523 969 574 1027 29.
590 967 674 1041 dam,
705 965 857 1043 Koppium
880 965 1022 1025 famulum
1043 966 1122 1024 inter
1148 965 1246 1024 alum-

341 1090 399 1130 nos
426 1068 570 1147 principis
591 1072 746 1143 receptum
768 1065 864 1126 dimisi
885 1067 936 1125 25.
955 1067 1067 1144 April,
1097 1066 1146 1125 cui
1175 1086 1246 1126 suc-

343 1169 434 1230 cessit
461 1187 498 1228 ex
527 1165 730 1228 Krezmaieria
757 1165 865 1226 familia
894 1184 949 1243 per
971 1169 1019 1227 50.
1040 1165 1169 1244 amplius
1191 1187 1246 1226 an-

342 1288 399 1330 nos
433 1268 504 1328 mibi
538 1266 784 1344 conjunctissima
815 1265 1009 1326 Baltbaserus
1039 1267 1185 1327 Friderlci
1215 1269 1246 1340 f.,

265 1380 267 1383 '
341 1369 460 1430 additus
474 1369 541 1429 Job.
556 1366 660 1428 Jacob.
674 1366 796 1428 Stuberi
813 1367 832 1426 f.
850 1367 898 1426 29.
912 1365 1004 1440 Jnnii,
1025 1373 1134 1428 mutata
1157 1367 1246 1428 etiam

342 1469 450 1530 ancilla
475 1468 563 1529 Anna
583 1467 741 1528 Viscberin
763 1485 876 1546 sponsa
898 1467 1046 1527 latonii
1068 1488 1134 1528 cum
1157 1467 1246 1527 Anna

341 1570 439 1630 Maria
459 1568 650 1631 Erboserina.
682 1567 744 1627 Rei·
759 1565 895 1627 familiari
917 1567 956 1628 ob
980 1573 1120 1628 imitatam
1141 1569 1245 1628 sedem

344 1679 374 1732 et
390 1671 562 1732 translatam
576 1667 793 1742 oeconomiam,
813 1675 877 1728 tum
892 1667 1057 1746 dispersam
1071 1669 1246 1748 supellecti-

342 1771 403 1832 lem
423 1791 529 1851 parum
550 1768 678 1830 accessit
699 1767 758 1827 nisi
780 1787 816 1827 ex
844 1767 988 1847 principis
1009 1771 1098 1830 berae
1119 1789 1246 1830 munero

343 1871 538 1933 valedictorio
564 1878 594 1930 et
621 1869 771 1929 indefessa
794 1868 921 1947 Augusti
948 1871 1163 1946 munificentia,
1195 1871 1245 1932 cui

343 1993 463 2034 omnem
488 1991 611 2032 succum
640 1976 669 2029 et
696 1969 830 2029 fomitem
857 1972 1017 2047 posteritas
1048 1991 1114 2032 mea
1144 1970 1244 2032 debet.

345 2072 473 2134 Morbus
491 2072 553 2149 jam
573 2070 723 2130 familiaris
737 2069 808 2130 mihi
828 2069 964 2130 inducias
983 2071 1109 2132 subinde
1128 2091 1247 2132 mecum

344 2173 408 2234 sive
435 2192 473 2234 ax
501 2172 580 2234 aeris
605 2170 748 2250 temperie
776 2171 840 2232 sive
862 2170 957 2231 victus
983 2171 1147 2232 mutatione
1174 2171 1247 2232 fecit

345 2273 567 2355 firmioremque
588 2272 789 2334 valetudinem
816 2271 967 2332 concessit
987 2272 1126 2333 omnibus
1148 2274 1246 2334 fortu-

343 2375 391 2434 nis
412 2375 663 2452 praeponendam.
705 2372 804 2452 Atque
825 2374 905 2432 bunc
926 2372 1046 2452 quidem
1068 2373 1099 2432 in
1120 2374 1245 2434 modum

345 2474 518 2554 Stutgardia
544 2473 638 2547 exivi,
667 2492 756 2552 quam
788 2473 877 2532 1639.
902 2475 950 2534 14.
967 2472 1033 2534 Jan.
1056 2473 1173 2552 trepide
1198 2475 1246 2534 in-

343 2593 481 2654 gressus,
510 2573 587 2635 infra
615 2580 726 2635 metum
748 2572 935 2634 commodius
962 2579 993 2634 et
1013 2574 1106 2635 tutius
1127 2575 1246 2636 inhabi-

344 2675 419 2751 tavi,
441 2666 596 2736 nonnullis
618 2670 737 2755 quidem
757 2673 901 2752 procellis
918 2675 1064 2750 jactatus,
1090 2695 1246 2757 nunquam

328 2794 418 2836 ·vero
440 2776 605 2837 demersus.
647 2774 694 2834 Ac
712 2773 810 2834 aulam
833 2774 952 2854 quidem
974 2794 1066 2853 supra
1087 2784 1246 2855 exspecta-

345 2876 459 2937 tionem
478 2895 573 2938 meam
595 2875 806 2949 faventiorem,
835 2873 1000 2934 fideliorem
1027 2882 1057 2936 et
1078 2875 1245 2938 faciliorem

343 2975 442 3052 habui,
462 2975 554 3052 nulla,
576 2976 658 3056 quod
679 2982 782 3036 sancta
799 2974 902 3036 testari
918 2993 1052 3053 possum,
1073 2996 1130 3037 nec
1146 2978 1244 3054 dictis,

344 3097 402 3140 nec
422 3077 523 3151 factis,
543 3070 693 3155 apertiore
714 3077 823 3154 (tectas
848 3075 927 3136 enim
950 3075 1017 3156 quis
1039 3078 1151 3139 evitare
1174 3099 1244 3159 spe-

343 3179 405 3258 ret)
425 3177 542 3256 injuria,
563 3176 664 3238 multis
684 3184 791 3238 contra
807 3175 960 3236 beneficiis
977 3176 1110 3253 affectus,
1133 3179 1244 3260 quibus

343 3301 392 3343 me
418 3280 585 3342 debitorem
616 3285 647 3338 et
679 3298 860 3358 praeconem
886 3276 1042 3356 profiteor.
1093 3279 1134 3340 at
1160 3281 1245 3342 curia

344 3385 470 3464 ejusque
497 3377 631 3441 sanctior
655 3399 741 3458 pars,
771 3399 862 3460 quam
889 3397 974 3458 apem
996 3397 1115 3440 omnem
1135 3399 1243 3456 meam,

343 3482 433 3543 fidem
453 3499 645 3561 amoremque
666 3479 813 3556 destituit,
842 3499 932 3560 quam
953 3479 1141 3541 innocentiae
1156 3501 1242 3542 meae

343 3582 466 3644 conscia
485 3588 591 3644 contra
612 3579 807 3642 contumelias
828 3586 860 3640 et
880 3579 1115 3642 obtrectationes
1136 3580 1239 3658 defuit,

1357 3645 1384 3718 ,Ν
