3025 4409
341 510 382 569 30
613 502 695 555 caea
711 503 741 555 u.
777 500 960 557 aori-aem.

340 658 464 739 litigant,
484 658 625 737 princeps
643 658 762 720 tandem
782 660 823 719 ita
844 656 988 732 delinivit,
1009 664 1042 717 ut
1062 676 1140 737 quae
1160 677 1235 736 pro-

340 761 420 821 xime
445 766 564 819 vacaret
589 758 750 821 decanatus
776 778 874 839 prope
895 758 1109 838 Stuttgardiam
1135 758 1234 832 sedes

341 861 411 921 mihi
438 859 627 935 crederetur,
654 866 743 941 atque
770 880 805 919 ca
830 858 924 919 Calua
949 859 1018 935 luit,
1045 859 1160 938 optimo
1185 879 1235 919 sa-

339 961 516 1041 pientissimi
537 962 592 1021 llei
615 961 783 1046 conductu,
809 967 843 1021 ut
867 959 905 1019 ab
927 960 990 1021 otio
1020 960 1058 1020 ad
1079 959 1235 1039 negotium

339 1071 370 1124 et
390 1062 492 1142 sagina
511 1061 550 1121 ad
571 1062 669 1123 crucis
690 1060 833 1122 vexillum
854 1061 1035 1122 traducerer.
1075 1060 1161 1122 Libet
1179 1061 1235 1120 ad-

340 1164 412 1224 dere
448 1162 580 1223 Hauberi
610 1160 804 1223 tetrastichon
840 1164 871 1223 in
902 1163 1003 1225 Vitum
1035 1161 1134 1223 lusum
1169 1180 1235 1221 non

339 1264 405 1324 sine
432 1262 545 1323 omine:

437 1386 531 1445 lnvitis
549 1390 630 1444 nobis
648 1388 727 1443 vitus
744 1389 774 1443 at
789 1394 898 1460 pastor,
914 1389 1014 1461 ineptit

487 1476 579 1529 Mater
595 1479 624 1529 et
638 1474 725 1527 invito
742 1474 849 1545 plaudit
866 1479 983 1543 oratque
1000 1474 1063 1528 Deo

437 1558 517 1613 Inviti
534 1560 670 1629 quondam
687 1564 784 1627 gnatus
801 1554 943 1627 materque
958 1558 1089 1612 videbunt

493 1643 579 1697 invito
597 1642 700 1697 nullum
717 1658 803 1713 posse
818 1642 911 1712 vigere
927 1641 998 1695 Deo.

381 1769 548 1847 Antequam
569 1764 638 1842 abii,
661 1784 737 1846 quae
757 1772 820 1827 tum
840 1764 1002 1844 prodibant
1022 1764 1115 1843 lipsii
1129 1764 1233 1825 Admi-

339 1871 432 1931 randa
458 1887 476 1927 a
503 1884 552 1927 me
578 1867 746 1946 germanice
768 1866 883 1927 reddita
904 1865 1020 1926 senatui
1039 1863 1234 1943 Vaihingensi

338 1967 487 2048 inscripsi.
520 1966 581 2044 Qui
602 1988 669 2029 cnm
690 1968 828 2029 affectum
849 1964 1029 2027 munusculo
1050 1964 1153 2025 testari
1166 1964 1233 2025 vel-

337 2072 392 2146 let,
415 2068 701 2129 Brachenheimerus
717 2074 801 2127 ratus
821 2075 938 2145 tempus
963 2066 1071 2126 adesse
1091 2084 1153 2145 quo
1174 2084 1233 2125 no-

338 2176 435 2245 ceret,
462 2186 525 2228 non
551 2174 665 2228 tantum
693 2168 751 2227 hoc
777 2166 897 2242 avertit,
925 2166 980 2228 sed
1003 2174 1039 2228 ut
1059 2166 1097 2226 de
1123 2166 1233 2244 injuria
1349 2176 1354 2184 “

337 2290 397 2352 qua
416 2266 624 2329 incendiorum
644 2286 710 2327 mea
730 2265 906 2327 recitatione
926 2267 1050 2327 affectus
1067 2267 1164 2328 atroci
1182 2286 1230 2328 es-

338 2379 400 2447 set,
421 2369 503 2448 apud
521 2366 690 2445 principem
712 2374 959 2447 conquereretur,
980 2366 1121 2429 incitavit.
1166 2367 1231 2428 Ob-

338 2470 441 2533 stitere
466 2467 541 2527 boui
569 2466 661 2548 aliqui
689 2468 777 2529 etiam
797 2468 959 2530 Bulachius
978 2468 1232 2547 archipraelectns

339 2578 370 2632 ct
395 2566 589 2631 Sebastianus
610 2566 750 2630 Sieskind
776 2571 1021 2650 pharmacopola,
1048 2590 1131 2631 nunc
1156 2589 1231 2632 con-

339 2671 387 2733 sul
414 2678 444 2730 et
464 2674 671 2730 ornamentum
697 2670 782 2733 urbis
802 2671 987 2751 primariumr
1009 2671 1090 2735 unde
1109 2670 1231 2751 factum,

338 2780 372 2833 ut
397 2790 464 2833 cum
492 2788 656 2849 pancorum
681 2770 805 2833 libidine
833 2792 896 2832 rem
921 2772 969 2851 agi
994 2772 1136 2851 princeps
1156 2771 1231 2833 edo-

338 2881 404 2933 ctus
426 2878 507 2932 esset
531 2890 588 2950 pro
616 2890 649 2933 se
671 2874 799 2953 quisque
815 2874 885 2950 jure
905 2891 1022 2933 mecum
1044 2890 1135 2950 agere
1151 2873 1231 2950 jussi

337 2972 579 3035 obmutescentes
600 2972 719 3034 ridiculi
738 2973 808 3034 lacti
828 2973 896 3035 sint.
939 2972 1087 3036 Pocillum
1107 2994 1230 3037 sncces-

338 3072 402 3134 sori
422 3092 490 3133 meo
519 3074 637 3135 muneri
657 3073 782 3153 nuptiali
802 3073 907 3149 cessit,
933 3093 972 3134 ne
998 3074 1072 3135 tanti
1092 3084 1230 3154 sumptus

337 3173 408 3235 lacti
427 3172 495 3233 urbi
514 3174 726 3237 interciderint.

379 3272 494 3335 Addam
516 3293 596 3336 nunc
617 3275 730 3352 obiter,
762 3294 839 3356 quae
864 3274 923 3335 alia
945 3274 1057 3354 ingenii
1077 3272 1148 3335 loco
1168 3280 1229 3334 mm

336 3376 473 3436 taedioso
500 3375 675 3437 diverticula
701 3375 820 3436 fuerint.
870 3378 916 3437 Ac
941 3375 1136 3455 praecipuum
1161 3375 1229 3455 qui-

337 3476 405 3538 dem
424 3474 563 3539 librariae
591 3476 787 3557 supellectilis
807 3482 998 3557 augmentum
1023 3474 1148 3536 coemtis
1172 3472 1228 3535 ali-

337 3585 413 3658 quot
429 3576 617 3641 bibliothecis
638 3596 674 3639 ac
699 3596 760 3639 una
780 3577 889 3658 insigni
909 3577 1055 3639 Johannis
1075 3576 1227 3658 quondam
