3025 4409
275 488 382 567 liospes
392 486 597 563 stipendil'l'ub·
615 488 821 546 Summadcctr.
828 487 922 547 christ
929 490 1115 548 concionatur.
1136 498 1177 559 89

274 654 357 711 terea
378 647 417 709 ad
437 647 527 711 vitam
547 647 676 710 honeste
698 648 865 728 degendam
885 648 965 710 baud
985 648 1109 728 exigua,
1130 648 1176 711 vi-

272 758 340 813 ctus
369 750 489 831 quidam
516 748 555 811 ad
581 748 748 811 satietatem
777 749 961 825 sufficiebat,
995 749 1049 810 sed
1076 769 1176 832 neque

154 932 155 937 η
270 854 373 935 palato
397 852 540 934 sapiebat,
562 871 620 913 nec
642 852 833 913 conducebat
854 850 994 912 debiliori
1009 854 1174 915 stomacho.

270 954 422 1018 Habitatio
444 976 514 1017 cum
533 953 755 1033 Christophcro
775 952 940 1033 Wellingio
959 960 1089 1036 cognato
1111 962 1176 1017 erat

269 1057 497 1137 percommode,
519 1055 645 1118 multum
666 1055 697 1115 id
720 1055 757 1115 de
779 1075 826 1116 me
845 1076 912 1117 cum
927 1057 1062 1137 piissima
1077 1074 1175 1117 uxore

269 1159 395 1237 meam,
422 1159 482 1221 nisi
502 1164 609 1239 postea
630 1156 746 1238 aliquot
768 1166 965 1221 centenorum
987 1159 1175 1221 florenorum

270 1262 381 1323 damno
411 1262 470 1323 hcc
502 1259 684 1321 beneficium
711 1259 782 1320 mihi
809 1261 954 1338 stetisset,
988 1260 1099 1343 quibus
1125 1278 1175 1321 me

268 1366 361 1427 bomo
388 1361 525 1443 perditus
552 1380 590 1422 an
617 1360 753 1439 perfidus
776 1364 918 1425 emunxit.
961 1362 989 1424 Α
1010 1370 1106 1427 matra
1127 1360 1175 1423 ni·

267 1463 312 1525 hil
334 1462 571 1544 exspectandum
594 1469 674 1540 erat,
706 1482 783 1543 quae
810 1463 869 1526 sibi
896 1464 1000 1527 cilicio
1023 1465 1172 1540 defuncta,

267 1586 317 1629 me
340 1566 428 1628 etiam
450 1566 674 1641 consentiente,
703 1566 870 1628 videbatur.
919 1566 946 1628 Α
967 1567 1115 1647 proximis
1144 1573 1174 1627 et

269 1668 374 1731 amicis
408 1666 483 1729 nihil
514 1666 599 1747 opis;
635 1686 708 1747 ergo
740 1666 861 1728 aliunde
889 1669 975 1730 Deus
1002 1668 1172 1750 prospexit.

269 1768 445 1832 Comitabar
467 1766 639 1849 Christoph.
663 1767 831 1832 Besoldum
857 1774 888 1829 et
908 1768 1059 1831 Abrabam
1079 1769 1172 1831 lloel-

268 1873 380 1935 zelium
398 1872 430 1933 in
450 1870 584 1933 acidulas
603 1866 947 1946 Griessbaccenaes⁶⁶)‚
970 1871 1035 1933 sive
1055 1871 1172 1933 valetu-

268 1976 338 2038 dine
366 1974 430 2037 sive
451 1978 628 2053 paupertate
655 1977 811 2051 poscente.
861 1969 939 2031 Cum
960 1971 1004 2035 ibi
1024 1991 1170 2048 essemus,

266 2079 385 2161 aliquot
406 2074 536 2138 studiosi
556 2073 677 2135 nobiles
696 2072 833 2151 Tubinga
854 2072 1025 2150 adveniunt,
1049 2093 1086 2134 ex
1103 2073 1170 2154 qui-

266 2180 324 2243 bus
353 2186 416 2241 tres
443 2178 552 2239 fratres
581 2174 810 2236 Guldensternii
836 2194 905 2235 cum
931 2175 1075 2256 magistro
1100 2174 1169 2238 Job.

266 2280 486 2363 Aquivalleno,
507 2276 688 2354 Nei[d]hard
704 2276 915 2359 Abenbergius
937 2298 1004 2340 cum
1027 2277 1169 2357 magistro

267 2382 365 2447 Paulo
379 2382 570 2456 Briioknerm
592 2379 699 2439 Petrus
712 2379 865 2455 Falckius‚
878 2380 996 2442 Acbatii
1007 2386 1037 2441 et
1050 2380 1169 2441 'llum-

267 2487 315 2549 nis
332 2483 512 2547 Axeliorum
530 2500 548 2541 a
566 2479 750 2541 Gecksholm
768 2481 896 2543 Sneciae
912 2482 1088 2563 regulorum
1105 2500 1169 2541 ma-

266 2590 377 2669 gister,
405 2592 435 2647 et
462 2585 514 2667 qui
543 2583 676 2645 omnium
697 2582 869 2646 felicissime
896 2583 1022 2662 contigit
1041 2582 1169 2643 Wilhel-

266 2712 334 2754 mus
362 2688 505 2750 Wensius
524 2684 578 2762 ⁶¹)
608 2684 773 2749 nobilitatis
799 2689 886 2764 apex.
940 2684 1019 2745 Cum
1050 2684 1103 2760 iis,
1135 2689 1169 2746 ut

268 2794 362 2868 solet,
391 2795 462 2870 post
488 2793 595 2868 potum
625 2805 737 2867 corpus
765 2786 963 2847 exercebatur
988 2785 1165 2866 acciditque,

267 2900 300 2957 ut
321 2890 443 2957 Italicae
463 2908 549 2953 meae
570 2910 663 2971 super
683 2890 817 2970 ligneum
839 2888 986 2949 caballum
1008 2886 1166 2969 equitatio-

267 2998 314 3059 nis
349 2993 558 3057 meminissem.
614 2992 687 3055 Inde
720 3010 793 3053 mox
824 3010 921 3072 equus
948 2990 1106 3052 conlectus
1138 2995 1169 3051 et

268 3098 340 3161 artis
361 3114 445 3159 meae
461 3093 615 3175 specimen
632 3094 735 3158 multis
753 3092 974 3174 spectatoribus
993 3093 1166 3157 exhibitum.

269 3201 346 3263 Hinc
369 3201 499 3279 juvenes
527 3196 657 3274 insilire,
686 3196 826 3258 subsilire
855 3204 886 3258 et
910 3202 974 3259 tcta
1001 3196 1050 3257 die
1077 3197 1168 3259 mise-

270 3324 337 3367 rum
363 3320 458 3385 pecus
486 3318 634 3381 premere.
677 3299 810 3361 Tandem
836 3298 992 3377 convenit,
1020 3306 1055 3362 ut
1079 3320 1097 3360 a
1118 3316 1167 3360 re-

271 3406 333 3467 ditu
355 3404 522 3485 Tubingam
547 3402 636 3480 hujus
662 3401 797 3463 exercitii
823 3420 885 3463 non
911 3400 1081 3478 illiberalis,
1109 3420 1168 3461 nec

272 3506 382 3569 inutilis
409 3506 589 3589 palaestram
617 3503 774 3582 aperirem.
823 3505 905 3564 Haec
928 3502 1043 3565 ludicra
1067 3502 1167 3581 praei-

273 3627 351 3689 rem,
374 3609 428 3673 sed
450 3625 626 3675 successere
648 3605 735 3667 seria.
779 3605 923 3669 Wensius
943 3625 1012 3669 cum
1033 3602 1165 3667 animad-
