3025 4409
403 498 563 551 Cateehesis
579 499 712 552 exactior.
747 501 838 552 Annus
856 499 986 554 lunestus.
1101 507 1142 567 97

243 657 317 716 nihil
339 655 455 716 facilius
476 655 540 730 luit,
561 676 650 735 quam
670 656 730 716 hoc
750 656 815 716 fido
835 661 865 716 et
884 654 1037 718 individuo
1056 657 1140 720 socio

242 756 365 838 quidvis
382 754 654 816 laudabileconari.
688 755 922 817 Intereaincidit
933 757 1051 818 vexatio
1062 777 1139 820 non-

242 857 337 918 nullis
358 855 473 916 civibus
493 856 589 938 iisque
609 855 742 918 melioris
763 864 854 918 nome
875 877 893 917 a
913 857 1030 919 Jacobo
1047 860 1139 926 Best-

241 957 307 1017 lino
327 956 389 1017 loci
409 957 561 1035 praelecto
583 976 638 1034 per
657 957 798 1018 invidiam
824 965 854 1018 et
881 958 1058 1020 calumniam
1084 981 1138 1039 pa-

166 1078 167 1081 *
242 1064 319 1133 rata,
342 1078 402 1138 qua
422 1057 519 1117 malae
540 1056 610 1117 fidei
631 1063 661 1117 et
681 1065 842 1137 corruptae
862 1064 1001 1119 monetae
1014 1079 1138 1120 accusa-

166 1150 167 1185 3
241 1159 368 1232 bantur,
396 1176 459 1216 non
485 1156 550 1217 sine
575 1177 688 1217 summa
715 1158 856 1237 principis
884 1158 925 1218 ita
943 1177 999 1236 per
1019 1157 1138 1222 intimos

244 1278 319 1320 suos
339 1257 477 1337 persuasi
496 1257 708 1338 indignatione.
752 1260 851 1334 Quam
878 1280 946 1320 cum
967 1259 1080 1338 pariter
1100 1280 1139 1320 ex

243 1359 431 1440 inquisitoris
442 1358 472 1418 in
485 1359 561 1419 hanc
579 1379 642 1420 rem
654 1359 715 1420 dati
727 1361 765 1419 D.
774 1358 925 1420 Wilhelmi
935 1358 1138 1422 Bidembachii

244 1458 526 1535 communicatione,
555 1465 585 1519 et
604 1459 698 1537 ipsius
720 1460 863 1521 delatoris
884 1460 1002 1522 arcanis
1023 1461 1137 1524 futilem

240 1558 470 1633 intellexissem,
493 1578 555 1619 non
575 1557 728 1634 intermisi,
747 1561 827 1639 apud
849 1561 977 1640 optimos
999 1583 1137 1644 quosque

242 1660 362 1739 culpam
383 1661 460 1720 hauc
481 1659 599 1719 elevare
621 1666 651 1718 et
670 1661 788 1721 amoliri
808 1663 955 1730 dedecus:
981 1682 1039 1724 nec
1057 1663 1137 1724 ultra

241 1769 307 1822 tum
327 1761 368 1822 lui
388 1779 576 1839 progressus.
624 1758 688 1819 Sub
708 1759 739 1820 id
761 1767 878 1842 tempus
902 1763 940 1824 de
961 1765 1137 1824 exornanda

242 1861 331 1924 simul
352 1861 620 1940 amplificandaque
642 1879 729 1920 sacra
750 1861 825 1922 aede
842 1862 970 1940 primum
988 1862 1136 1936 delibera-

242 1970 315 2038 tum,
337 1961 449 2040 paratis
462 1963 501 2022 ad
514 1962 545 2022 id
561 1959 703 2039 impensis
722 1966 752 2020 et
764 1961 852 2023 icone
863 1961 970 2041 lignea,
992 1983 1010 2022 a
1030 1963 1134 2042 quo*)

166 2094 167 2121 l
242 2069 342 2124 tamen
370 2069 492 2124 senatus
518 2082 552 2124 se
578 2061 740 2123 excusavit.
783 2061 887 2141 ltaque
913 2063 952 2123 ad
968 2063 1135 2139 juventutis

241 2163 355 2224 cultum
381 2183 563 2238 conversus,
590 2161 726 2223 instituto
753 2160 862 2240 puerili
888 2162 1023 2224 examine
1043 2162 1135 2243 longe

240 2284 331 2345 qnam
358 2265 484 2324 antehac
510 2263 674 2338 exactiore,
704 2269 735 2323 et
755 2262 952 2340 suppeditatis
973 2263 1146 2340 Quaestio?

239 2364 330 2425 nibus
351 2363 556 2439 (latecheticis,
578 2383 655 2444 quae
675 2363 754 2442 typis
777 2362 945 2441 exscriptae
960 2370 1044 2440 sunt,
1066 2385 1135 2428 cum

234 2467 310 2542 jam'
325 2471 411 2544 prata
434 2463 544 2525 Christi
570 2471 742 2539 vernarent,
771 2483 832 2524 non
855 2462 905 2524 diu
930 2463 1025 2524 abluit
1045 2485 1063 2524 a
1084 2485 1133 2526 ca-

238 2565 353 2627 lumnia
379 2572 555 2646 tempestas3
588 2587 666 2646 quae
690 2572 851 2645 postquam
877 2564 974 2625 livore
1002 2585 1059 2628 suo
1084 2585 1137 2630 me

239 2666 413 2747 aliquandiu
433 2667 625 2741 exercuisset,
646 2666 699 2727 nbi
720 2666 839 2726 tandem
861 2665 988 2736 evanuit,
1009 2664 1133 2744 longum

240 2772 341 2826 tamen
363 2774 393 2826 et
408 2766 550 2828 acerbum
560 2766 607 2827 sui
619 2786 739 2828 sensum
751 2773 822 2845 post
840 2785 873 2826 se
889 2766 1018 2848 reliquit.
1062 2767 1134 2831 Erat

166 2866 167 2887 ²
239 2873 304 2926 tum
324 2865 355 2925 in
376 2866 516 2927 convictu
535 2886 604 2927 meo
616 2865 951 2945 praeterEhrenricum,
972 2866 1135 2946 Wolfgaug

239 2964 377 3041 Michael,
395 2966 547 3028 Michaelis
560 2966 670 3028 Zelleri
684 2966 793 3047 equitis
805 2967 919 3028 Austrii
934 2966 1030 3028 exulis
1043 2967 1133 3042 filius,
1196 3021 1198 3023 .

240 3073 271 3126 et
292 3065 333 3127 Μ.
356 3067 495 3130 Matthias
519 3069 648 3148 Gigerus
673 3066 869 3142 Basileensis‚
895 3087 962 3129 cum
988 3067 1133 3130 famulitio

239 3185 346 3228 omnes
367 3187 493 3229 numero
515 3169 633 3230 circiter
651 3167 846 3229 duodenario.
878 3167 916 3228 Et
928 3167 1134 3250 Gigerusqui-

238 3269 307 3328 dem
335 3288 373 3329 ex
399 3269 510 3330 mutuis
535 3268 646 3332 nostris
672 3266 833 3348 colloquiis
860 3267 997 3348 religioni
1021 3271 1134 3348 patriae

237 3374 348 3448 sponte
374 3369 615 3444 renunciaverat,
643 3388 680 3429 ac
700 3374 821 3448 praeter
846 3368 993 3430 hebraeae
1014 3368 1134 3450 linguae

236 3467 465 3546 institutionem,
481 3471 569 3548 cujus
581 3468 742 3531 occasione
752 3469 881 3530 lohann.
893 3469 1069 3532 Buxtorfius
1081 3466 1094 3501 ⁹
1105 3468 1134 3546 ¹)

305 3633 332 3700 *)
349 3631 441 3701 Conj.:
473 3650 532 3702 qua.
640 3608 644 3616 Ι

969 3720 986 3780 7
1007 3693 1009 3703 Α
