3025 4409
309 492 330 551 8
595 484 678 539 Liber
696 487 716 539 1.
744 484 928 540 1586-1614.

312 660 381 703 enm
402 640 463 705 vita
482 639 623 703 haerebit.
665 640 822 720 Tubiugae
845 660 924 722 quos
943 638 1139 701 Professores
1165 646 1212 701 at-

313 761 373 823 que
398 762 470 805 vere
496 742 608 805 lumina
633 740 765 801 literaria
790 740 968 820 repererim,
995 739 1122 801 recitare
1148 740 1212 802 lor-

313 849 393 905 tasse
414 862 475 905 non
498 842 649 921 indignum
672 849 727 903 est.

355 944 454 1005 Fuere
474 949 574 1005 autern
590 943 762 1021 Stephanus
782 940 957 1001 Gerlaehius
973 940 1013 1017 ⁶),
1035 941 1213 1022 procaucel-

315 1042 417 1119 larius‚
439 1042 577 1105 Matthias
596 1042 818 1103 llalenrelierus
831 1041 877 1119 l),
906 1041 1040 1103 loannes
1062 1042 1212 1121 Georgius

314 1144 478 1222 Sigwartus
494 1142 540 1218 ⁷),
568 1143 717 1223 theologi,
747 1141 857 1222 quibus
883 1141 974 1220 paulo
995 1149 1066 1220 post
1086 1142 1214 1203 accessit

313 1242 450 1305 Andreas
470 1243 620 1305 Osiander
632 1242 672 1321 ⁸),
695 1241 893 1303 cancellarius
912 1248 942 1300 et
956 1240 1082 1301 hliehael
1101 1241 1212 1303 Sohae-

314 1342 359 1401 ser
371 1340 411 1421 9).
448 1340 523 1405 Jnre
538 1344 683 1405 consulti:
704 1344 834 1403 Johann.
848 1341 1061 1404 Hochnrannus
1074 1342 1082 1376 ¹
1093 1342 1136 1418 ⁰),
1157 1343 1212 1405 Ni-

313 1442 418 1505 colaus
444 1445 669 1507 Varenbiilerus
691 1444 757 1516 ¹¹),
791 1442 928 1503 Andreas
956 1441 1133 1503 Luuburaier
1152 1442 1212 1520 ¹²),

312 1544 441 1605 Johann.
455 1543 619 1605 llalbrllter
634 1542 697 1619 ¹³),
719 1544 849 1603 dolranu.
865 1543 1052 1620 llarpprecht
1064 1542 1073 1575 ¹
1084 1544 1129 1619 ⁴),
1152 1546 1212 1605 Da-

312 1643 363 1703 vid
381 1645 534 1724 hlagerrus
547 1638 595 1722 Ι’5)
618 1655 648 1705 et
664 1643 923 1705 HenrieusBocer
935 1641 942 1673 ¹
954 1644 994 1719 8),
1016 1643 1127 1723 quibus
1143 1663 1212 1723 par-

312 1744 365 1808 tim
383 1745 531 1809 defunctis
553 1733 815 1806 successere'Joh.
826 1742 1003 1804 Valentinus
1016 1742 1211 1822 Neuller¹⁷),

312 1847 449 1909 Andreas
475 1846 565 1909 Beier
581 1844 630 1921 ¹⁸)
665 1853 695 1907 et
722 1844 959 1922 Christophorus
984 1844 1135 1905 Besoldus
1151 1843 1210 1923 ¹⁹),

233 2018 237 2025 Ι
313 1946 437 2009 Medici:
460 1948 597 2011 Andreas
608 1946 753 2008 Planerus
764 1944 826 2021 ²⁰),
840 1944 947 2005 Daniel
958 1944 1170 2025 Moeglingus²
1182 1944 1210 2022 ¹)

254 2122 257 2129 Ι
314 2056 343 2107 et
369 2048 562 2111 Sebastianus
584 2044 800 2120 Blossiusw),
835 2064 913 2125 quos
941 2045 1038 2106 secuti
1065 2047 1132 2109 doh.
1153 2047 1211 2107 Fa-

313 2146 430 2224 ber²³l
452 2156 481 2209 et
500 2149 629 2209 dohann.
646 2147 751 2207 Jacob.
768 2145 925 2225 Haug²⁴).
960 2146 1140 2209 Liberalium
1162 2168 1211 2209 ar·

312 2247 383 2307 tiuur
401 2248 558 2309 doctores:
581 2248 727 2307 Martinus
745 2244 944 2322 Crrrsirrs²⁵),
968 2247 1080 2325 Georg.
1092 2249 1209 2309 Burek-

311 2348 403 2409 ardus
415 2348 481 2425 ²⁶),
505 2347 657 2409 Erhardus
676 2344 863 2421 Cellius²⁷),
886 2346 973 2407 Vitus
986 2346 1207 2425 hliillerus²⁸),

312 2447 438 2509 Michael
457 2444 707 2521 Maestlinus²⁹),
728 2445 856 2506 Michael
874 2446 1030 2526 Zieglerus
1042 2446 1104 2524 ³⁰),
1126 2450 1208 2509 ilen-

311 2548 393 2609 rieus
414 2546 592 2627 Wellingins
607 2545 669 2623 ³¹),
691 2545 807 2625 Caspar
827 2548 984 2609 Bucherus
997 2543 1060 2624 ³²),
1079 2547 1208 2612 Michael

310 2648 559 2729 Beringerus³³)
592 2655 621 2709 et
652 2647 846 2708 succedanei:
881 2646 1023 2709 Albertus
1051 2647 1141 2709 Kuon
1173 2671 1210 2711 ae

312 2751 469 2813 Zacharias
491 2746 704 2825 Schaeffer³⁴)
728 2756 757 2809 et
779 2747 927 2809 Eusebius
948 2748 1134 2827 stetter³⁸).

353 2854 386 2913 ln
402 2853 456 2913 hac
466 2852 561 2931 prinra
578 2850 728 2911 academia
739 2868 805 2909 mea
816 2850 956 2929 prudenti
966 2850 1094 2912 oonsilio
1109 2852 1207 2913 Geor-

311 2953 351 3033 gii
371 2952 552 3027 Burckardi,
581 2971 619 3011 ne
647 2950 718 3031 quid
740 2950 917 3029 praecocius
942 2951 1091 3028 exilirem‚
1117 2952 1207 3012 disci-

311 3054 410 3134 plinae
432 3060 461 3115 et
482 3070 572 3113 curae
595 3050 715 3113 llenriel
734 3048 896 3130 Wellingii,
918 3050 1060 3132 Casparis
1077 3051 1207 3113 Buchari

312 3163 342 3217 et
357 3154 482 3215 Erhardi
498 3152 584 3213 Cellii
607 3153 731 3213 traditus
752 3172 829 3226 sum,
850 3153 985 3214 virorum
1005 3151 1156 3231 diligentia
1177 3158 1207 3211 et

311 3276 413 3319 amore
435 3256 465 3317 in
486 3275 533 3316 me
554 3271 589 3313 ae
612 3254 719 3315 iratres
740 3245 931 3327 certantium,
958 3252 1049 3315 sociis
1072 3252 1205 3330 Georgia

311 3358 489 3437 Krunrpein‚
513 3352 649 3433 Philippo
671 3354 800 3433 Eppioh,
822 3353 984 3432 Rudolpho
1006 3352 1144 3432 Rieppio,
1165 3351 1205 3414 N.

309 3460 446 3521 Beceero
472 3462 501 3517 et
527 3454 564 3515 N.
586 3454 745 3517 Rieckero.
787 3457 813 3515 A
837 3454 946 3536 quibus
971 3474 1038 3518 curn
1066 3452 1206 3515 dimissus

311 3578 418 3635 essem,
436 3563 648 3619 successerunt
662 3555 728 3635 ipse
746 3556 948 3631 Burekardus,
973 3552 1102 3617 Michael
1117 3553 1207 3634 Zieg-
