3025 4409
344 519 406 583 tls
620 510 702 563 Liber
717 509 761 562 lv.
789 507 974 565 reso-1639.

349 668 475 732 omnino
497 664 617 727 talionis
639 666 726 747 quasi
743 667 814 742 jure
836 683 1006 744 repensum,
1030 665 1171 746 quicquid
1194 687 1252 729 nu-

346 791 403 851 per
430 788 485 849 per
507 766 719 829 contumeliam
740 772 771 826 et
790 764 953 826 ludibrium
977 765 1124 828 ecclesiae
1145 767 1251 830 obtru-

347 893 412 933 sum
440 877 514 930 erat.
566 869 593 928 0
623 887 662 928 ne
687 867 782 928 intres
805 868 890 926 lleus
917 866 946 926 in
970 867 1117 943 judicium
1144 875 1251 929 contra

347 991 420 1046 nos,
450 971 532 1050 quod
558 976 617 1028 tam
640 967 821 1049 exquisitum
851 973 912 1042 est,
942 974 971 1027 et
993 975 1026 1028 ut
1052 977 1171 1029 nosmet
1192 970 1250 1047 ipsi

342 1073 530 1153 judicem,
557 1068 658 1128 animo
681 1069 769 1128 nimis
796 1068 875 1128 inter
900 1075 1025 1146 peccata
1047 1087 1156 1130 securo
1179 1089 1250 1148 sup-

346 1173 459 1253 peditat
513 1171 601 1245 Quae
631 1174 701 1246 post
731 1169 909 1243 acciderint,
944 1169 1049 1246 paucis
1083 1170 1249 1247 expediam.

348 1273 425 1332 Oum
453 1269 593 1330 omuibus
623 1267 804 1330 officialibus
833 1269 871 1328 de
898 1269 1030 1349 bospitio
1055 1277 1251 1348 prospectum

348 1380 443 1445 esset,
474 1369 542 1429 mibi
562 1369 615 1429 uni
635 1369 665 1430 id
687 1377 733 1429 est
753 1377 910 1448 negatum,
933 1370 1033 1430 verbis
1055 1370 1177 1450 quidem
1197 1371 1251 1430 ali-

348 1471 480 1552 quandiu
491 1469 575 1545 datis‚
590 1477 696 1548 postea
707 1469 797 1529 animi
810 1470 996 1550 aegritudine
1007 1470 1104 1549 palam
1117 1477 1250 1547 ostense,

348 1593 416 1633 cum
431 1579 515 1632 extra
529 1570 664 1631 suburbii
679 1569 814 1649 pomeria
829 1571 1026 1649 propellerer,
1039 1578 1144 1648 postea
1162 1572 1250 1632 etiam

348 1672 466 1734 militari
486 1671 687 1732 contubernio
709 1665 879 1732 onerarem
907 1669 1044 1731 Accessit
1065 1671 1248 1748 criminator,

348 1782 456 1835 tonsor
476 1773 597 1852 quidam
611 1773 783 1833 Leonhardt
796 1769 989 1850 Engelhardt
1012 1771 1102 1831 bomo
1121 1791 1250 1852 nequam

349 1875 462 1954 etipse
481 1872 620 1934 lectionis
638 1871 950 1933 anti-ecclesiasticae
967 1871 1078 1945 socius,
1101 1872 1152 1952 qui
1173 1873 1249 1933 alio-

347 1995 414 2037 rum
441 1973 543 2035 sensui
569 1974 701 2053 linguam
728 1973 912 2053 petulantem
942 1972 1162 2033 commodaret:
1194 1973 1250 2034 sed

349 2085 379 2138 et
405 2073 526 2136 subdoli
552 2075 672 2154 quidam
704 2080 734 2134 et
766 2073 914 2152 bilingues
945 2073 1111 2134 ferociores
1142 2075 1251 2134 redditi

349 2184 432 2249 sunt,
469 2181 629 2254 postquam
664 2174 794 2234 confuso
819 2173 902 2234 urbis
931 2172 1076 2252 regimine
1103 2174 1251 2236 ecclesiae

349 2297 455 2356 parurn
477 2275 619 2354 praesidii
641 2293 709 2335 esse
731 2273 877 2354 apparuit.
918 2271 1043 2334 Civium
1063 2279 1162 2335 tamen
1183 2277 1249 2354 pie-

349 2385 395 2437 tas
424 2383 455 2434 et
481 2376 650 2436 constantia
670 2374 798 2435 turbidis
817 2373 899 2434 hisce
927 2381 957 2434 et
977 2374 1178 2436 afflictissimis
1198 2395 1249 2435 re-

348 2477 406 2537 bus
427 2480 550 2554 praesto
571 2473 635 2534 fuit.
669 2476 787 2536 lnterea
806 2473 881 2548 lues,
904 2458 981 2554 quae
995 2476 1135 2556 contagio
1147 2477 1250 2556 potins

349 2596 439 2658 quam
466 2575 567 2636 afflatu
593 2577 737 2637 hactenus
764 2582 923 2652 nocuerat,
952 2574 1084 2655 grassari
1109 2575 1251 2638 immitius

351 2686 381 2738 et
401 2677 490 2738 latins
512 2676 627 2755 coepit,
657 2676 789 2755 depastis
811 2677 873 2752 jam
900 2681 970 2754 post
996 2674 1089 2736 3tinm
1117 2693 1251 2738 mensem

351 2777 577 2859 quadringentis
604 2777 767 2856 capitibus,
798 2775 906 2856 quibus
928 2782 961 2836 ut
981 2774 1129 2846 remedio,
1158 2777 1250 2854 victu,

351 2879 492 2960 stragulis
513 2885 543 2939 et
563 2877 727 2940 ministerio
749 2883 984 2950 succurreretur,
1007 2895 1084 2955 opus
1101 2877 1252 2958 laborque

351 2987 430 3057 erat,
457 2979 608 3060 opulentis
636 2977 674 3039 ab
701 2975 782 3038 omni
808 2975 927 3055 peculio
954 2977 1067 3053 exutis,
1095 2976 1200 3038 vicinis
1222 2978 1254 3039 in

351 3097 409 3154 nos
437 3081 520 3142 omni
548 3098 623 3140 saxo
652 3077 838 3153 durioribus,
866 3074 1040 3156 magistratu
1060 3076 1131 3137 nibil
1152 3079 1253 3141 minus

354 3199 445 3261 qnam
465 3179 496 3240 in
517 3181 594 3240 bano
616 3199 719 3239 curam
739 3179 864 3252 intento,
884 3195 941 3236 nec
957 3177 1065 3258 jurgiis
1084 3177 1171 3239 etiam
1189 3179 1254 3240 adi-

353 3281 465 3360 gendo.
520 3282 624 3360 ltaque
651 3279 735 3340 velut
767 3297 804 3337 ex
833 3277 965 3340 silicibus
992 3299 1070 3360 aqua
1098 3299 1253 3359 expresse,

353 3381 500 3464 quentilla
522 3379 587 3456 fuit,
614 3379 750 3442 solamini
772 3385 870 3440 tamen
892 3386 922 3440 et
941 3379 1153 3458 producendae
1175 3381 1255 3441 vitae

352 3484 473 3562 proluit.
516 3481 567 3541 Me
588 3481 730 3542 omnibus
752 3479 897 3557 fortunis‚'
922 3499 1000 3561 quae
1021 3479 1104 3540 4000
1125 3479 1254 3558 amplius

352 3585 475 3646 llorenis
496 3587 616 3658 stetere,
640 3589 762 3642 exutum
783 3581 834 3642 lidi
851 3581 965 3660 pariter
986 3591 1016 3642 et
1035 3580 1143 3659 perfidi
1164 3580 1252 3642 amici
