3025 4409
338 491 400 551 25⁰
605 481 687 535 Liber
704 481 747 535 vl.
775 481 956 538 roca-rara

337 639 451 718 Recepi
475 638 513 698 ad
534 657 581 699 me
601 645 742 716 nepotem
762 637 909 699 Joannem
931 637 1047 698 Valent.
1070 637 1230 700 lliielinum

339 743 389 802 22.
410 740 507 818 Sept,
533 758 610 819 quae
636 746 670 799 ut
694 737 801 798 lectori
828 737 995 814 fastidiosa,
1028 739 1068 798 ita
1094 737 1165 798 mihi
1189 740 1230 798 ad

338 840 510 902 memoriam
529 840 649 901 faciunt.
684 838 763 900 Aula
783 839 932 916 hospitum
948 837 1053 901 illustr.
1065 838 1154 898 turha
1169 839 1228 898 ire-

340 940 532 1022 quentissime
552 939 743 1019 perstrepuit,
766 958 803 998 ex
817 939 926 1019 quibus
943 945 1062 1017 praeter
1072 939 1232 1004 familiares

338 1040 505 1102 Wiirtemb
526 1048 557 1101 et
575 1038 727 1100 Palatinos
748 1039 880 1117 primarii
900 1038 1079 1114 Turranius,
1102 1039 1231 1118 Duglas-

340 1141 403 1203 sius
414 1161 483 1201 cum
498 1140 624 1202 tribunis
639 1146 670 1199 et
680 1140 905 1201 centurionibus
917 1141 993 1200 varii
1008 1139 1122 1200 ordinis
1138 1141 1233 1214 luere,

342 1245 379 1304 de
395 1262 524 1324 quorum
539 1239 739 1318 hospitalitate
755 1259 885 1320 sequeus
903 1261 998 1302 annus
1015 1239 1179 1300 testabitur.

383 1345 503 1404 Annum
529 1339 638 1400 Christ.
667 1341 763 1415 1649,
802 1341 852 1421 qui
884 1340 987 1402 Caroli
1013 1339 1232 1400 Britanniarum

342 1444 421 1523 regis
442 1442 565 1520 indigno
592 1439 739 1518 supplicio
762 1441 811 1500 31.
829 1441 895 1502 Jan.
916 1449 1029 1502 atratus
1056 1443 1152 1500 iactus
1178 1448 1233 1512 est,

343 1563 413 1624 spes
440 1550 469 1603 et
496 1541 629 1602 actiones
656 1541 830 1620 refulgentis
856 1543 938 1621 pacis
962 1543 1149 1614 absumsere,
1172 1559 1234 1618 quo

343 1645 413 1705 mihi
445 1645 493 1705 63.
519 1649 606 1703 aetat.
635 1649 680 1702 est
708 1648 846 1716 exactus,
886 1642 1058 1704 remissiore
1087 1641 1234 1702 valetudi-

343 1747 390 1806 nis
423 1743 599 1818 afflictione,
636 1741 724 1802 animi
755 1742 907 1822 aliquanto
942 1743 1106 1804 acerbiore.
1158 1741 1234 1801 Nam

343 1852 373 1906 et
394 1844 493 1905 olidus
513 1843 613 1903 hircus
634 1842 661 1904 J.
673 1843 700 1903 J.
714 1845 749 1903 B.
771 1842 896 1922 impetiit
922 1845 971 1906 ts.
985 1842 1082 1916 Febr,
1105 1848 1134 1902 et
1154 1841 1235 1920 aspis

342 1947 377 2006 F.
391 1947 428 2006 K.
446 1943 568 2004 trisulca
587 1943 689 2022 lingua
709 1961 765 2020 per
785 1943 838 2002 filii
858 1941 935 2003 latus
956 1942 1044 2018 seriit,
1066 1947 1095 2001 et
1115 1961 1167 2002 sus
1188 1942 1236 2001 lu*

343 2046 457 2107 tulenta
481 2045 509 2104 J.
527 2045 562 2104 H.
575 2042 611 2104 C.
633 2063 680 2102 mc
707 2041 946 2118 commaculavit,
975 2061 1079 2103 ornnes
1106 2043 1236 2122 impune,

343 2167 400 2208 nec
424 2146 489 2208 ullo
516 2143 574 2203 mei
599 2141 810 2203 miserescente
832 2145 879 2203 Ps.
899 2144 953 2218 69,
975 2162 1003 2203 v.
1019 2144 1069 2202 21.
1120 2147 1237 2204 interea

343 2249 482 2310 abicrnnt
512 2265 580 2304 cum
614 2242 748 2330 Jesuitae
778 2245 806 2302 9.
826 2244 893 2304 Jau.
920 2263 937 2302 a
964 2242 1068 2318 nobis,
1104 2257 1166 2305 tum
1198 2264 1237 2304 ex

345 2347 501 2409 coenobiis
522 2341 659 2404 monachi
672 2341 839 2420 legatorum
849 2343 1113 2422 Bambergensium
1131 2352 1160 2406 et
1175 2344 1237 2422 Cu-

344 2445 576 2509 lambacensium
599 2445 689 2520 jussu
715 2442 826 2520 abacti,
854 2463 916 2504 non
943 2444 1007 2504 sine
1034 2445 1169 2506 maleficii
1191 2445 1236 2504 in-

346 2549 449 2619 famia,
471 2565 510 2606 ne
531 2544 599 2625 quis
622 2543 724 2603 credat
741 2542 861 2605 cucullo
883 2545 972 2605 fidem
990 2545 1116 2606 subesse
1136 2565 1236 2624 posse.

345 2649 419 2709 Mihi
440 2667 513 2707 vero
534 2645 565 2704 in
584 2644 683 2704 lucem
703 2652 772 2705 nata
793 2652 863 2706 sunt
880 2653 910 2706 et
921 2645 1156 2721 Seleniana²⁷²)
1174 2645 1237 2706 hu-

346 2747 474 2828 gustalia
494 2752 524 2806 et
544 2743 726 2822 Theophilus
747 2765 802 2824 per
822 2747 871 2808 26.
894 2766 990 2809 annos
1015 2765 1142 2825 peregre
1168 2765 1238 2806 erro

347 2867 416 2909 cum
432 2845 563 2908 minutiis
581 2843 655 2919 aliis,
676 2845 802 2906 maxime
816 2865 890 2907 vero
908 2849 956 2908 avi
972 2848 1031 2908 mei
1050 2846 1158 2908 ,iacobi
1176 2847 1239 2906 An-

347 2949 437 3009 dreae
463 2946 523 3007 vita
550 2965 568 3004 a
597 2944 709 3004 Leviuo
738 2955 841 3007 sutore
870 2947 996 3028 eleganti
1029 2932 1157 3008 carmine
1186 2965 1240 3006 ex-

346 3067 461 3128 pressa.
500 3045 652 3106 Transtuli
672 3046 760 3106 etiam
780 3047 811 3106 in
832 3047 947 3108 Latium
968 3049 1115 3127 passionis
1128 3046 1241 3108 Christi

347 3146 538 3210 Harmoniam
559 3146 762 3222 Selenianam,
789 3147 887 3208 lucem
915 3149 1051 3210 fortassis
1077 3147 1240 3228 aliquando

347 3250 488 3312 visuram.
535 3247 654 3308 Perstiti
679 3247 794 3307 interea
813 3247 844 3306 in
867 3249 1057 3310 ecclesiastae
1077 3247 1166 3309 aulici
1193 3249 1240 3308 of-

348 3351 433 3424 ficio,
454 3347 555 3408 multis
575 3347 741 3409 illustribus
762 3348 928 3427 hospitibus
949 3349 1158 3428 praesentibus
1177 3367 1241 3410 nou

348 3458 462 3512 tautum
479 3447 753 3527 Wiirtembergicae
774 3448 890 3525 domus,
912 3449 1066 3510 Friderico
1088 3456 1118 3510 et
1138 3449 1241 3510 Ulrico

349 3553 476 3628 nostris,
507 3548 665 3626 Leopoldo
690 3549 845 3610 Friderico
878 3556 907 3610 et
933 3549 1065 3628 Georgio
1094 3550 1241 3628 hlompel-
