3025 4409
502 489 659 559 Descriptio
677 489 753 542 udae
770 489 929 542 Wiirttemb.
1102 500 1161 559 189

271 647 439 707 eruditione
460 647 593 722 divitem,
617 653 733 706 caetera
754 654 904 725 egentem,
935 649 1015 708 domi
1036 668 1119 709 meae
1141 669 1158 709 a

273 753 311 808 14
323 748 422 808 Martii
442 749 478 807 ad
499 747 629 808 lldunii
649 746 717 809 alui.
744 747 940 829 Eundemque
960 748 1088 809 liberum
1109 770 1159 810 ae-

270 870 389 910 cessum
409 850 502 910 Paulo
523 846 752 924 denischio¹⁹¹)
776 849 985 928 octogenario,
1014 850 1159 911 ecclesiae

270 951 382 1010 Christi
403 969 459 1010 nec
481 952 583 1028 ignoto
604 969 661 1008 nec
681 949 787 1024 inutili,
801 951 877 1010 dedi.
899 950 1085 1012 Facultatum
1097 971 1159 1010 ma-

269 1073 356 1130 gnam
374 1053 520 1126 jacturam
541 1051 607 1123 leci,
631 1070 698 1110 cum
721 1069 757 1109 ex
771 1050 980 1130 Christophori
998 1052 1159 1112 Demmleri

268 1154 455 1225 decoctione,
475 1160 537 1211 tum
559 1149 657 1210 salarii
678 1150 804 1223 delectu,
819 1172 894 1231 quae
911 1151 980 1211 milri
997 1152 1065 1229 plns
1080 1151 1159 1212 mille

267 1256 452 1314 florenorum
468 1253 676 1318 exhauserunt.
704 1251 801 1310 Amici
819 1254 890 1314 novi
908 1253 1067 1332 pauciores
1085 1272 1159 1312 cou-

269 1355 411 1432 tigerunt,
433 1351 600 1430 exquibus
622 1352 1056 1430 supraWagnerumindicavi.
1079 1355 1159 1414 Tho-

271 1474 334 1514 mas
347 1452 471 1513 Lansius
493 1451 680 1511 reconciliari
700 1452 783 1512 visus
806 1461 851 1514 est
872 1455 1016 1530 autulii,
1036 1455 1158 1531 maj0ris

270 1575 359 1636 quam
380 1554 429 1613 alii
450 1552 618 1625 habendus,
639 1551 665 1611 si
686 1553 856 1629 perstiterit.
900 1556 1026 1635 Ecquod
1048 1575 1158 1634 operae

268 1656 402 1734 precium
423 1655 480 1713 hoc
501 1660 566 1713 toto
588 1671 668 1711 anno
690 1652 825 1727 fecerim,
854 1674 925 1715 sane
947 1675 1008 1716 nou
1029 1656 1158 1730 memini,

268 1757 326 1816 nisi
348 1755 430 1835 quod
447 1753 557 1814 Calvae
579 1771 661 1811 meae
682 1753 764 1812 omni
786 1755 885 1815 studio
897 1761 933 1814 ¹et
947 1756 1006 1816 lide
1028 1777 1086 1836 qua
1102 1777 1158 1835 po-

267 1859 312 1918 tui
332 1854 544 1916 intercedendo
559 1860 589 1912 et
601 1855 850 1916 communicando
868 1856 956 1916 adfui.
985 1857 1075 1936 Quod
1091 1878 1159 1918 cum

267 1957 392 2018 liberius
414 1959 443 2016 in
464 1964 582 2017 secreto
606 1954 749 2034 principis
772 1956 898 2017 consilio
912 1959 961 2016 20.
974 1957 1062 2020 Febr.
1078 1957 1158 2017 faee-

267 2079 340 2133 rem,
362 2061 477 2118 animos
497 2056 657 2136 plurimum
677 2075 696 2114 a
716 2076 765 2116 me
787 2057 901 2118 alienos
924 2057 1053 2132 reddidi,
1075 2058 1158 2138 quod

266 2159 370 2220 nescio
398 2177 486 2238 quam
511 2157 651 2235 praedam
679 2178 733 2237 spe
762 2165 937 2236 conceptam
963 2159 1158 2218 intervertere

267 2269 298 2322 et
315 2260 404 2320 fidem
425 2259 522 2318 datam
543 2277 671 2336 poscere
692 2260 891 2320 confidentius
913 2259 1040 2320 viderer.
1071 2258 1157 2320 Adeo

266 2362 361 2442 gratia
381 2360 478 2421 omnis
499 2359 530 2418 in
550 2359 712 2438 obsequio,
729 2361 800 2435 jure
821 2379 859 2418 an
880 2360 1003 2437 injuria,
1026 2379 1087 2421 nou
1108 2381 1158 2421 re-

267 2465 335 2536 fert,
348 2462 403 2523 sita
426 2469 480 2534 est,
494 2459 542 2519 cui
563 2459 697 2538 obligare
717 2459 939 2536 conscientiam,
954 2467 1005 2522 aut
1020 2461 1158 2522 excidere

266 2581 433 2624 necessum.
444 2560 600 2621 Natalibus
610 2559 754 2638 principis
763 2558 1094 2622 Christianildberhardi
1104 2581 1157 2624 co-

267 2684 331 2724 ram
342 2661 565 2723 adiui3ti.Nov.
572 2662 759 2742 primumque
770 2661 906 2738 plausum
920 2669 949 2721 et
962 2669 1066 2722 votum
1078 2663 1156 2738 dedi,

267 2765 353 2841 cujus
375 2763 468 2841 gratia
488 2750 596 2823 munus
618 2764 658 2822 to
677 2761 743 2822 flor.
766 2761 893 2822 alumnis
914 2761 1156 2838 Tubiugensibus

267 2865 330 2926 tuli.
359 2865 392 2924 Si
414 2865 572 2944 quicquam
594 2872 740 2941 superest,
763 2863 918 2940 cujusme
939 2881 1001 2922 non
1022 2862 1158 2940 poenitet

267 2975 297 3025 et
317 2964 407 3043 piget,
423 2963 454 3023 id
476 2970 551 3038 esto,
565 2964 647 3044 quod
668 2983 734 3024 cum
756 2981 936 3040 promovere
958 2962 1038 3024 bona
1057 2965 1156 3026 miuus

264 3065 392 3138 licuerit,
409 3064 486 3124 mala
507 3084 574 3124 cum
595 3063 711 3142 collega
731 3064 976 3139 conjunctissimo
994 3063 1156 3126 Schiielino

265 3165 438 3244 impeditum
459 3164 541 3224 omni
560 3163 628 3224 nisu
644 3170 673 3223 et
684 3164 877 3224 contentione
897 3163 1015 3237 iverim;
1038 3174 1156 3227 caetera

266 3267 305 3326 ad
315 3266 375 3326 'liti
396 3264 551 3325 dicterium
570 3262 717 3324 allusione
733 3263 820 3324 facile
844 3264 984 3326 dixerim:
1003 3267 1157 3328 amiciam

265 3388 337 3428 num
357 3365 482 3445 perdidi.

329 3465 581 3546 Quadragesimus
602 3485 619 3525 a
646 3465 749 3526 seculo
780 3463 1005 3528 decimosexto
1032 3465 1153 3528 scalaris

266 3587 378 3642 annus,
406 3587 465 3647 qua
493 3586 618 3645 corpus,
651 3584 710 3645 qua
733 3565 863 3626 animum
891 3564 1098 3630 vexationibus
1125 3573 1155 3627 et

267 3667 386 3729 fastidio
407 3667 514 3746 plenus
536 3667 599 3743 luit,
616 3667 699 3730 initio
717 3667 821 3729 alebri
834 3667 958 3727 tertiana
973 3667 1062 3744 lacto,
1077 3687 1154 3748 quae
