3025 4409
350 476 425 560 112‘
485 482 487 486 ’
614 491 754 544 tenerur.
790 491 971 546 isac-mac.

347 670 399 711 rus
413 649 420 683 ¹
434 647 442 683 ¹
455 648 483 726 Ι)
505 651 550 710 vir
570 648 664 710 literis
685 658 715 709 et
735 648 884 728 probitate
900 650 1024 728 primus,
1047 661 1155 730 sponte
1165 652 1238 712 ami-

346 751 452 826 citiam,
474 771 561 832 quam
580 769 693 810 coenae
713 769 785 810 suae
806 750 951 812 hilaritate
971 755 1097 813 testatus
1119 759 1164 812 est
1185 753 1238 812 de-

344 853 412 914 tulit
433 860 463 913 et
483 852 614 913 cordatis
635 851 747 911 interea
769 851 863 912 literis
885 852 1076 913 continuavit.
1117 853 1238 914 Samuel

344 974 418 1016 vero
437 950 603 1014 Glonerus¹
617 951 665 1027 ¹²)
686 958 777 1030 poeta
798 952 1047 1031 elegantissimus,
1069 975 1159 1036 quem
1175 955 1237 1035 pri-

344 1056 410 1116 dem
422 1054 532 1114 absens
549 1052 693 1113 amicitiae
713 1051 856 1130 impetum
878 1062 1072 1132 conceperat,
1092 1075 1236 1134 praesens

344 1162 438 1216 totum
466 1153 568 1214 eliudit
591 1162 620 1213 et
647 1151 728 1212 omui
755 1152 857 1213 cilicio
878 1160 1016 1214 testatum
1039 1175 1106 1216 esse
1131 1156 1234 1218 voluit.

344 1255 482 1336 Cumque
502 1255 549 1315 liic
568 1273 665 1314 annus
685 1253 831 1331 plurimos
852 1257 946 1333 patria
966 1262 1103 1317 extorres
1124 1258 1237 1319 laceret

342 1377 377 1418 ac
398 1356 532 1435 inprimis
553 1355 697 1416 ecclesiae
719 1355 860 1416 ministris
881 1363 961 1416 esset
977 1356 1016 1416 ob
1033 1357 1169 1419 dillieiles
1183 1377 1234 1419 rc·

342 1465 447 1536 ceptus
469 1455 659 1530 durissimus,
681 1474 772 1516 ausus
795 1474 859 1516 sum
883 1455 1046 1538 Colloquio
1073 1458 1232 1537 trigemino

341 1577 399 1619 nos
420 1556 641 1629 conversionis,
664 1555 848 1616 constantiae
870 1563 899 1616 et
920 1558 1129 1619 condolentiae
1151 1559 1231 1620 serio

341 1659 518 1733 admouere,
547 1677 608 1718 nou
629 1657 818 1735 aspernando
840 1655 949 1717 alicubi
970 1659 1082 1735 fructu,
1104 1660 1157 1722 ubi
1178 1661 1232 1721 bo-

340 1759 428 1839 spitia
453 1759 592 1821 exulibus
620 1759 683 1820 sive
709 1757 853 1820 liberiora
880 1759 944 1820 sive
977 1760 1111 1821 faciliora
1137 1761 1232 1840 impe-

339 1868 415 1922 trata
439 1867 517 1925 sunt
558 1858 712 1921 Amicitiae
740 1867 962 1920 mouumentum
985 1860 1149 1921 Saubertus
1176 1881 1232 1922 vo-

338 1962 395 2023 luit
414 1961 617 2023 adolemus
634 1959 841 2020 emblematum
857 1959 1078 2039 inscriptionem
1104 1983 1180 2043 quae
1197 1972 1233 2026 ut

338 2062 459 2142 iugenio
480 2061 609 2141 pollent,
631 2060 670 2120 ita
691 2054 770 2120 haud
792 2059 883 2120 dubio
904 2061 992 2121 tidem
1013 2063 1092 2141 apud
1114 2071 1230 2144 specta-

337 2176 419 2226 tores
446 2160 668 2241 conjuuctiouis
693 2167 815 2221 nostrae
841 2159 999 2222 invenient
1042 2164 1109 2224 Pari
1136 2185 1229 2227 ceusu

336 2265 433 2325 babeo
459 2261 592 2323 Danielis
624 2261 743 2320 Senerti
763 2256 834 2335 113)
862 2262 968 2322 medici
994 2263 1069 2324 orbe
1100 2266 1228 2328 celebris

335 2363 584 2437 benevolentiam,
601 2379 690 2441 quam
709 2361 823 2436 (rarum
841 2362 913 2438 hoc)
925 2381 1032 2424 causae
1052 2365 1227 2428 christianae

336 2465 466 2528 studium
487 2461 613 2542 peperit,
633 2461 786 2522 literarum
802 2463 1012 2525 commercium
1034 2465 1109 2527 iovit
1128 2467 1227 2528 hacte-

336 2585 393 2628 uus
420 2572 451 2626 et
477 2582 572 2644 porro
601 2562 794 2624 continuabit.
837 2563 902 2624 Nec
922 2564 1020 2626 miuus
1041 2565 1138 2628 debeo
1159 2569 1227 2630 Plri-

334 2655 609 2747 lippi'lieinlroveri
630 2663 686 2725 viri
703 2664 856 2743 Augustae
876 2663 986 2726 nobilis
1006 2665 1146 2741 facilitati,
1168 2689 1228 2750 qua

335 2776 366 2830 et
385 2767 553 2829 officiosum
576 2785 673 2826 nreum
694 2764 829 2824 affectum
851 2764 968 2825 admisit
988 2775 1117 2830 etsuum
1135 2769 1227 2831 inme

335 2869 465 2932 studium
486 2868 553 2947 ipso
574 2885 667 2946 opere
686 2864 827 2944 prodidit.

375 2969 474 3051 Atque
501 2969 548 3029 liic
573 2967 642 3029 linis
669 2964 808 3026 decennii
834 2966 920 3044 liujus
941 2973 1006 3028 esto
1028 2967 1105 3029 iuter
1124 2971 1226 3032 varios

333 3091 445 3154 agones
473 3069 599 3130 maxime
623 3087 696 3128 vero
723 3065 867 3126 ecclesiae
887 3086 968 3127 ureae
991 3067 1224 3130 efformationem

333 3173 461 3235 decursi.
505 3170 595 3247 Quod
618 3169 673 3230 etsi
693 3166 808 3246 absque
828 3169 940 3229 sudore
960 3168 1029 3228 milri
1051 3189 1111 3230 nou
1134 3171 1224 3246 stetit,

331 3275 409 3337 haud
429 3280 527 3333 tamen
547 3271 706 3331 molestum
727 3270 781 3331 sed
801 3270 882 3331 varia
895 3269 1048 3348 voluptate
1065 3271 1225 3334 christiana

332 3376 496 3438 delibutum
515 3379 544 3433 et
564 3372 641 3432 vitae
664 3391 746 3431 meae
767 3389 863 3449 prope
884 3370 1156 3434 commodissimum
1179 3371 1224 3432 di-

331 3479 435 3538 xerim.
478 3465 620 3552 collegas
633 3470 703 3546 ¹¹⁴)
730 3467 819 3530 habui
846 3471 902 3531 sibi
923 3471 1127 3532 succedaneos
1148 3491 1223 3552 qua-

329 3590 408 3655 tuor,
431 3597 536 3640 omues
557 3573 727 3654 praeclarae
747 3572 777 3630 iu
800 3570 953 3633 ecclesiam
975 3591 1099 3648 operae,
1122 3571 1222 3632 erudi-
