3025 4409
335 488 376 549 92
609 480 691 535 Liber
707 482 739 535 ll.
774 480 957 539 loll-1620.

335 644 450 715 noscat,
472 638 616 719 principis
636 639 867 702 munificentiam
888 641 1061 716 opportune
1077 636 1231 717 arripiant.

337 736 434 815 Cujus
462 740 702 801 se'monitorem
732 741 996 818 simulatoremque
1006 734 1042 813 *)
1077 738 1143 798 fore
1170 743 1231 797 tam

336 836 440 898 libenti
461 839 558 899 animo
579 840 768 918 polliceatur,
790 860 880 922 quam
900 844 1000 899 tantae
1020 838 1116 901 samm
1135 838 1232 899 virtu-

336 945 458 1019 tumque
479 939 606 1019 principi
625 940 755 1020 placere‚
778 961 813 1001 ac
833 940 931 1001 studia
952 958 1008 999 sua
1028 938 1232 1000 celeberrimis

337 1038 486 1118 theologis
507 1040 772 1120 Wiirtembergicis
792 1039 961 1119 approbare
981 1040 1153 1100 contendat.

380 1140 462 1200 Idem
483 1160 551 1201 cum
573 1141 708 1203 nobiliss,
730 1140 802 1203 viris
823 1141 872 1204 dn.
886 1139 983 1201 Paulo
999 1138 1160 1215 Geimann‚
1183 1139 1232 1200 dn.

339 1240 453 1301 Ottone
463 1241 695 1317 Hohenleldero‚
717 1241 817 1320 magni
833 1240 962 1302 nominis
979 1247 1009 1301 et
1020 1235 1234 1321 antllrloritatis

337 1338 514 1420 proceribus
535 1347 649 1416 actum,
673 1341 709 1401 de
731 1360 860 1422 quorum
880 1341 1099 1420 approbatione
1120 1360 1158 1401 eo
1178 1338 1235 1399 mi-

338 1460 396 1502 nus
415 1439 623 1520 ambigendum
644 1441 707 1518 luit,
721 1442 812 1522 =quod
834 1448 864 1501 et
884 1440 1067 1502 confessioni
1082 1440 1236 1519 Augusta—

338 1560 396 1601 nae
418 1560 455 1601 ex
476 1542 575 1603 animo
597 1542 789 1605 subscribant
809 1540 1132 1620 etWirrttembergiam
1151 1539 1237 1601 velut

339 1641 463 1703 alteram
473 1644 599 1723 patriam
612 1661 698 1705 suam
710 1642 870 1705 etiamnum
882 1648 1057 1721 agnoscant,
1079 1641 1134 1701 sed
1146 1640 1236 1701 etiam

339 1750 401 1822 opt.
422 1742 550 1823 principi
574 1750 680 1823 parate
706 1743 854 1824 obsequio
880 1742 912 1802 in
936 1747 997 1801 tam
1016 1740 1066 1821 pia
1088 1760 1180 1802 causa
1201 1761 1236 1803 se

338 1845 538 1924 conjungant,
563 1845 644 1905 unde
664 1863 720 1924 per
741 1864 775 1905 se
796 1844 923 1925 quisque
943 1843 1002 1903 boo
1023 1842 1104 1920 apud
1123 1841 1236 1921 princi-

337 1964 406 2024 pem
426 1944 497 2006 loco
517 1944 620 2005 haberi
640 1945 801 2025 petierunt,
822 1943 1030 2024 quohomines
1043 1941 1237 2022 evangelicae

338 2044 471 2107 veritatis
486 2043 591 2105 avidos
602 2043 891 2122 Wiirttembergioae
910 2043 1056 2104 ecclesiae
1069 2042 1236 2104 observan-

337 2152 383 2206 tes
411 2152 442 2206 et
467 2144 506 2205 ad
532 2144 660 2225 quodvis
686 2141 837 2204 laudabile
863 2142 996 2204 officinm
1021 2142 1237 2223 praestandum

337 2251 462 2324 paratos
482 2250 619 2321 reponat.
653 2242 844 2322 Super[er]at
858 2242 983 2304 inferior
991 2242 1123 2319 Anstria,
1146 2263 1237 2323 quam

339 2344 427 2405 etiam
454 2342 582 2420 adirem,
608 2362 646 2402 ao
670 2342 701 2401 in
728 2362 764 2403 ea
785 2342 836 2403 diu
861 2343 932 2403 mihi
952 2342 1237 2405 desideratissimum

283 2440 284 2446 '
337 2450 499 2524 patronum
519 2460 700 2521 generosum
720 2442 769 2503 dn.
784 2443 896 2523 Georg.
909 2443 1066 2505 Acbatium
1078 2444 1237 2505 Enenoke-

338 2542 410 2603 lium
441 2541 588 2602 baronem
618 2543 840 2617 Hoheuecoium
872 2544 1048 2605 salutarem:
1081 2545 1135 2606 sed
1167 2565 1236 2605 cum

267 2692 268 2695 ,
338 2643 410 2705 belli
424 2641 475 2720 ⁸⁷)
508 2642 553 2703 vis
581 2644 660 2704 circa
687 2644 833 2705 Viennam
859 2644 989 2705 irrueret
1021 2652 1112 2726 atque
1138 2644 1178 2706 ob
1205 2644 1237 2704 id

339 2762 483 2823 proceres
493 2744 616 2803 Hornae
626 2741 678 2820 ⁸⁸)
692 2744 913 2822 convenissent,
934 2747 1083 2824 factajam
1094 2746 1133 2807 ad
1144 2745 1236 2807 Vien-

338 2865 408 2907 nam
428 2850 538 2923 strage,
560 2864 596 2904 ao
616 2844 671 2905 viis
693 2843 733 2905 ob
754 2846 925 2925 transfugas
945 2845 1053 2907 milites
1075 2844 1174 2905 miuus
1186 2864 1236 2906 se-

340 2946 436 3021 curis,
464 2944 592 3025 denique
618 2944 789 3007 imminente
812 2948 920 3026 hyeme
944 2945 1109 3007 subsistere
1129 2966 1166 3006 ac
1188 2964 1237 3005 re-

339 3046 432 3108 ditum
452 3052 603 3107 maturare
623 3066 782 3109 necessum
802 3048 865 3109 fuit.
898 3046 960 3107 Sed
981 3053 1012 3107 et
1030 3046 1100 3108 huic
1120 3046 1236 3107 incom-

338 3148 430 3209 modo
463 3149 544 3209 Deus
570 3147 734 3208 remedium
760 3146 873 3207 invenit
897 3146 1093 3227 inopinatum.
1140 3147 1237 3208 Nobi-

338 3247 469 3310 lissimus
501 3266 537 3307 ac
566 3247 650 3309 varia
681 3246 849 3309 eruditione
874 3246 1103 3331 linguarumque
1128 3247 1236 3328 peritia

339 3348 584 3413 instructissimus
609 3349 655 3409 vir
682 3349 730 3409 dn.
753 3347 883 3411 Michael
905 3350 1006 3412 Zeller
1031 3350 1071 3410 ad
1096 3347 1236 3410 ordinum

407 3565 432 3634 ²⁴)
450 3563 518 3617 ch.
537 3567 579 3617 Aa
603 3562 862 3633 stimulatoremque.
