3025 4409
347 483 406 542 aaa
612 473 696 526 isaar
711 472 754 526 111.
789 425 969 528 ram-roae.

344 653 427 696 novo
448 648 573 694 munere
593 628 755 690 obstrictus
777 629 917 707 imparem
939 648 987 690 me
1003 627 1151 690 solvendo
1168 647 1239 690 esse

344 733 430 796 lateri
451 739 575 796 coactus
595 751 671 792 sum.
713 731 834 809 Inspexi
855 737 916 790 tum
938 729 1036 792 obiter
1056 729 1240 791 hlt'orflense

343 838 542 908 Athenaeum,
575 833 663 909 cujus
684 839 786 893 rector
816 838 846 892 et
874 841 1009 905 senatus,
1036 837 1155 908 praeter
1182 850 1238 892 vo-

343 939 486 1018 luptatem
513 933 673 994 desiderati
698 938 744 992 tot
770 932 938 994 eruditione
965 931 1128 994 celebrium
1150 932 1239 994 intui-

343 1047 407 1114 tus,
435 1038 518 1099 lauto
544 1033 685 1096 convivio
710 1033 741 1094 in
762 1034 831 1094 doh.
854 1033 1000 1096 Gerhardi
1020 1034 1045 1094 F
1046 1033 1238 1113 rauenburgii

339 1142 364 1218 j.
379 1161 406 1200 c.
428 1136 552 1200 aedibus
573 1144 749 1214 perpetuam
769 1134 943 1196 memoriam
964 1134 1103 1211 sancivit,
1126 1137 1237 1214 hospes

343 1241 429 1302 etiam
451 1236 547 1299 amico
568 1236 690 1298 loedere
711 1243 741 1295 et
760 1234 893 1296 literario
909 1235 1088 1296 commercio
1106 1235 1144 1296 ad
1156 1255 1237 1298 mor-

344 1350 417 1414 tem,
444 1358 522 1419 quae
543 1338 633 1400 1630.
655 1344 758 1398 secuta
779 1355 876 1416 usque
898 1335 1075 1414 obsignavit.
1117 1337 1238 1415 Peperit

342 1445 417 1503 haec
444 1437 620 1519 expatiatio,
648 1439 697 1498 eui
719 1437 885 1498 Saubertus
913 1443 942 1496 et
963 1436 1089 1498 Baierus
1111 1438 1237 1500 comites

342 1547 443 1617 luere,
471 1543 570 1602 Verae
591 1538 718 1600 Unionis
739 1539 891 1617 specimen
914 1537 1022 1598 llaiero
1045 1558 1177 1612 sacrum,
1206 1549 1236 1600 et

341 1642 477 1707 Danielis
492 1640 676 1704 Schweuteri
689 1639 759 1716 ¹⁰⁴)
781 1641 837 1702 viri
858 1638 1088 1718 ingeniosissimi
1109 1659 1145 1700 ex
1159 1640 1236 1702 Sau-

341 1745 419 1808 berti
434 1742 694 1805 commendatione
710 1740 843 1802 absentis
853 1741 924 1802 licet
936 1739 1080 1802 notitiam.
1109 1741 1236 1804 Reditus

342 1848 429 1910 etiam
446 1843 643 1923 Onolspachii
662 1842 854 1904 Laurentium
866 1839 998 1902 Laelium
1014 1841 1186 1922 theologum
1206 1850 1236 1905 et

341 1945 542 2011 Kreilsheimii
561 1943 856 2023 superintendentem
876 1941 1055 2002 conciliavit.
1097 1944 1236 2024 Sequens

339 2050 438 2112 Julius
459 2046 678 2127 propemodum
700 2043 769 2104 mihi
794 2039 911 2102 lethalis
936 2040 991 2102 fuit
1018 2041 1094 2104 iebri
1119 2046 1237 2110 ardenti

340 2147 542 2229 Stuttgardiae
554 2152 697 2223 correpto
710 2140 854 2204 ellectioa
866 2140 987 2202 domum
999 2161 1088 2222 aegre
1101 2153 1232 2210 revecto.

340 2254 424 2313 Hauc
457 2246 557 2325 abegit
580 2243 659 2306 'sons
687 2243 792 2304 acidus
819 2241 1010 2304 Tainacensis
1036 2245 1235 2323 plurimorum

339 2348 547 2421 admiratione,
569 2365 635 2406 mea
655 2351 801 2424 perpetua
821 2343 1013 2421 gratitudine,
1035 2366 1122 2426 quarn
1143 2349 1234 2427 hujus

338 2447 521 2513 salubritatis
542 2447 610 2506 Deo
635 2446 734 2506 datori
759 2444 866 2506 debeo.
915 2443 1064 2508 Convalui
1090 2455 1160 2526 post
1180 2449 1234 2511 tri-

338 2558 465 2624 mestre,
491 2547 638 2627 langucre
665 2553 765 2606 tamen
787 2545 828 2606 ad
849 2544 994 2628 pleraque
1014 2547 1114 2608 munia
1134 2551 1234 2612 larda-

338 2663 398 2730 tus,
419 2651 471 2733 qni
491 2649 602 2728 ingenii
618 2655 649 2709 et
666 2647 775 2708 virium
792 2646 884 2708 aciem
896 2647 1056 2726 plurimum
1073 2650 1233 2715 hebetavit.

340 2753 450 2832 Coepit
471 2751 556 2811 etiam
582 2751 641 2810 hoc
661 2768 741 2810 auno
762 2748 888 2808 amicitia
910 2767 976 2810 cum
996 2749 1134 2814 iohanne
1156 2753 1233 2814 Ger-

337 2852 513 2928 hardo¹⁰⁵)
534 2850 676 2930 theologo
693 2851 782 2928 huJus
799 2850 864 2910 aevi
881 2848 968 2909 facile
988 2849 1133 2930 principe,
1155 2851 1235 2914 inter

337 2955 471 3035 auspicia
495 2952 566 3012 mihi
591 2951 789 3024 numeranda,
817 2949 899 3029 quod
920 2948 966 3010 vir
985 2950 1100 3012 theoria
1120 2953 1234 3031 pariter

340 3066 370 3119 et
389 3055 476 3136 praxi
497 3052 804 3114 consummatissimus
826 3049 973 3112 desideria
996 3059 1025 3112 et
1046 3053 1144 3114 studia
1167 3073 1232 3116 mea

338 3156 541 3219 emendandae
561 3154 606 3214 rei
623 3153 801 3213 christianae
820 3153 896 3212 adeo
910 3159 1086 3230 aspernatus
1104 3174 1165 3215 non
1183 3157 1231 3230 sit,

337 3267 372 3322 ut
390 3257 497 3319 eodem
519 3255 625 3334 spiritu
646 3253 812 3333 iisdemque
834 3252 911 3314 votis
927 3260 956 3312 et
973 3252 1127 3314 meliorem
1146 3275 1231 3316 men-

337 3375 396 3422 tem
417 3356 530 3419 nostris
550 3353 668 3435 precari
694 3361 725 3414 et
749 3353 887 3414 licentiae
907 3353 1067 3414 colluviem
1090 3355 1231 3418 detestari

337 3463 456 3522 minime
478 3455 633 3530 dubitarit,
657 3473 745 3515 secus
767 3474 854 3535 quam
878 3455 914 3528 ii,
937 3455 1045 3535 quibus
1067 3475 1156 3516 omne
1177 3455 1230 3515 de-

336 3569 440 3623 votum
462 3558 622 3638 suspirium
644 3561 816 3634 suspectum
840 3565 894 3632 est,
917 3556 1150 3635 necquicquam
1172 3555 1229 3616 nisi
