3025 4409
334 483 395 544 rel
606 477 690 536 urse„
705 475 737 531 v.
774 475 959 530 reue-1642.

334 653 405 694 sura
425 641 564 715 tanquam
585 633 702 693 haeresi
723 639 754 693 et
774 633 900 711 flagellis
922 633 1129 694 abhorrerent.
1162 633 1241 707 Quo

334 733 446 794 factum
457 738 518 807 est?
530 745 564 794 ut
576 753 667 814 aegre
684 734 873 795 obtineretur
883 732 1142 812 blasphemiarum,
1162 751 1242 810 pro-

335 835 466 896 miscuae
491 834 639 910 libidinis,
667 833 885 914 profanationis
913 835 1028 894 dierum
1055 833 1240 908 seriatarum,

333 936 495 1017 variaeque
515 937 723 998 dissolutionis
745 955 782 995 ex
803 935 875 996 belli
896 934 1035 1014 contagio
1063 941 1241 994 contractae

334 1036 538 1111 interdictum,
574 1038 618 1098 sic
645 1044 760 1109 tamen,
795 1056 834 1096 ue
862 1055 919 1097 uos
947 1045 977 1096 et
1008 1033 1155 1095 malorum
1188 1053 1241 1094 se-

335 1137 403 1197 dem
416 1134 486 1213 ¹⁸⁵)
508 1137 670 1216 obligaret,
697 1137 748 1196 nbi
769 1135 951 1212 luxui¹⁸⁶),
979 1135 1240 1196 commessationi-

334 1236 402 1310 bus,
424 1237 554 1315 rapinae,
576 1245 606 1297 et
626 1237 762 1298 nefandis
784 1238 899 1298 cunctis
920 1235 1086 1296 sceleribus
1103 1236 1154 1296 lex
1168 1237 1239 1298 data

335 1345 470 1411 nonest,
489 1344 523 1398 ut
540 1338 743 1416 exempluma
762 1338 937 1416 primatibus
957 1337 1113 1397 firmatum.
1137 1339 1238 1397 Unum

333 1443 490 1515 peccatum
512 1437 717 1500 irremissibile
738 1447 793 1513 est,
816 1433 937 1498 modum
954 1437 1097 1516 ingluviei
1117 1445 1147 1498 et
1156 1459 1239 1516 ¹pro-

334 1535 462 1598 lnsionis
492 1545 611 1617 optare,
642 1537 757 1618 popelli
785 1539 1010 1618 dissipationem
1046 1547 1076 1600 et
1104 1541 1237 1600 translu-

335 1637 431 1716 gium‚
460 1639 606 1711 ecclesiae
634 1639 746 1714 tabern,
780 1641 912 1701 omnium
940 1640 1061 1701 exitium
1089 1641 1237 1715 misereri,

335 1739 407 1814 Dei,
433 1741 616 1819 prudentum
639 1748 669 1801 et
691 1741 874 1819 posteritatis
897 1760 1019 1802 sensum
1041 1747 1071 1800 et
1090 1741 1236 1817 judicium

334 1841 477 1902 revereri.
530 1843 596 1902 Una
622 1849 728 1902 contra
759 1841 797 1900 ad
823 1841 947 1920 gratiam
971 1841 1035 1914 via,
1071 1841 1235 1920 deglubere

335 1961 443 2021 pecus,
476 1943 590 2004 servire
621 1943 841 2023 voluptatibus,
877 1943 978 2020 sopire
1011 1943 1234 2020 conscientiam,

335 2041 520 2103 oblivionem
539 2043 687 2104 malornm
704 2043 858 2118 inducere,
880 2061 957 2122 qnae
974 2042 1084 2118 omnia,
1107 2064 1145 2105 ne
1160 2064 1234 2123 pro-

334 2142 426 2204 lixior
446 2143 512 2218 sim,
534 2144 564 2204 iu
586 2145 658 2203 baec
676 2143 822 2222 rythmice
839 2142 977 2202 lemmata
997 2142 1120 2204 inclusi:

416 2244 576 2322 lmperinm
596 2244 731 2317 crudum,
791 2244 927 2322 Regnum
949 2242 1071 2318 nudum,

418 2343 587 2405 Consilium
607 2353 731 2413 mutum,
794 2341 971 2404 Satellitium
991 2343 1122 2420 brutum,

418 2441 529 2503 Guriae
549 2443 661 2517 viscus,
792 2442 887 2518 Aulae
910 2442 1021 2518 discuS,

418 2541 502 2602 Cleri
522 2540 617 2618 tabes⁷
637 2557 643 2571 ·
668 2597 670 2602 .
794 2543 867 2604 Fori
887 2542 980 2618 labes

364 2663 367 2669 ·
418 2641 505 2702 Ordo
527 2644 680 2719 oculusne,
794 2642 897 2704 Sudor
916 2643 1070 2722 profusus,

413 2742 515 2812 Fundi
534 2744 636 2814 luxus,
795 2743 879 2804 Aridi
899 2744 1008 2820 fluxae,

417 2842 536 2922 Religio
556 2844 648 2923 pulla,
795 2842 988 2906 Conscientia
1008 2846 1100 2921 nulla,
1141 2845 1142 2850 ’

417 2943 533 3007 Tristes
552 2943 648 3020 lusus,
793 2943 886 3006 Noxii
907 2965 990 3020 usus,

417 3043 583 3106 Columbae
604 3061 741 3119 censura,
791 3043 885 3106 Corvi
906 3063 1007 3120 usura,

414 3146 494 3207 Boni
515 3142 704 3224 supplicium,
794 3145 866 3205 Mali
885 3145 1030 3224 precium,

587 3244 666 3305 Sunt
685 3251 824 3307 nostrum
846 3225 978 3307 exitium.

373 3348 471 3408 Meam
489 3352 603 3409 sortem
623 3365 698 3407 vero
720 3346 764 3407 sic
786 3346 935 3426 expressi:

414 3447 563 3510 Assiduus
583 3447 706 3524 clamor,
790 3447 895 3509 Irritus
916 3445 1012 3524 labor,

413 3548 580 3629 Religionis
599 3548 708 3623 luctus,
792 3547 886 3610 Aulae
908 3555 1022 3623 ructus,
