3025 4409
443 477 556 550 Optime
569 479 604 532 do
620 493 652 531 se
664 477 758 532 metiti
774 477 997 548 moenitulnntnr.
1110 482 1171 548 11⁶

277 636 358 698 cinio
384 635 484 714 pelam
513 634 684 715 improbare
709 650 784 696 alise
808 653 871 696 non
898 640 951 695 est
999 633 1052 697 Sic
1070 633 1171 715 itoqne

277 738 422 798 hactenus
444 736 550 810 docui,
572 735 617 797 sic
637 734 714 808 vixi,
736 733 781 796 sle
801 733 871 796 mihi
891 733 1057 796 concrediti
1076 733 1170 798 colle·

276 835 316 916 gii
342 835 447 914 viginti
475 855 568 896 unum
590 835 692 897 socios
718 853 796 896 voce
817 843 847 895 et
868 833 1006 914 exemplo
1027 833 1169 910 conduxi,

276 946 309 998 ut
335 954 394 995 noo
420 936 485 1012 ejus
514 935 640 1015 gloriam
666 939 772 1015 (quom
793 935 846 997 uni
866 936 933 996 Deo
955 933 1057 998 deberi
1077 935 1169 1014 proli·

274 1035 356 1111 teor)
374 1035 509 1098 affectem
524 1043 554 1098 et
567 1036 669 1098 debito
686 1055 755 1097 meo
776 1033 937 1114 plurimum
952 1035 1049 1098 adhuc
1064 1037 1170 1100 deesse

276 1136 383 1196 dolens
410 1155 586 1215 agnoscam,
616 1157 675 1198 neo
701 1147 800 1198 tomen
829 1136 860 1198 in
886 1133 1032 1204 ecclesiae
1059 1135 1171 1202 Christi

275 1237 384 1298 intuitu
398 1243 429 1296 et
444 1237 600 1315 poenitere
614 1236 728 1298 laboris
744 1243 775 1298 et
790 1237 906 1316 pudere
925 1237 1018 1298 officii
1034 1236 1150 1302 debeat.

316 1337 404 1398 Libet
423 1355 504 1398 nunc
525 1336 607 1399 velut
627 1357 682 1416 per
702 1345 833 1398 saturam
852 1353 1021 1414 recensere,
1041 1354 1171 1416 quorum

275 1437 389 1498 meritis
415 1457 484 1498 sors
514 1457 580 1498 men
607 1439 749 1500 hactenus
776 1439 907 1514 steterit,
935 1436 1071 1500 amicitiis
1098 1437 1170 1500 sub·

276 1539 346 1599 nixa
366 1538 509 1612 creverit,
531 1538 668 1615 jucundo
693 1539 925 1600 conversatione
946 1538 1036 1600 luerit
1055 1545 1170 1618 tempe·

279 1646 351 1700 ratu
379 1637 437 1698 Ubi
455 1638 481 1699 si
498 1637 608 1716 primes
626 1637 694 1700 dem
714 1657 841 1700 ovorum
861 1639 982 1714 honori,
1000 1656 1037 1700 ec
1054 1639 1172 1718 paterni

277 1739 397 1819 quidem
417 1738 546 1800 inclutae
572 1739 682 1812 ianne,
704 1740 829 1800 materni
849 1755 924 1799 vero
945 1739 1103 1816 nobilitati,
1124 1740 1172 1804 ni·

275 1839 317 1900 hil
336 1838 532 1918 peccaverim.
569 1838 712 1900 Succedit
728 1838 822 1918 petris
841 1839 999 1902 condocet
1014 1839 1171 1919 multiplex

276 1939 486 2013 beneficentio,
514 1945 576 2000 tum
605 1939 706 2000 matris
732 1937 829 2000 virtus
853 1938 1000 2006 virilisuct
1019 1938 1098 2002 serie
1118 1939 1171 2004 de·
1204 1951 1208 1959 ·
1274 1921 1276 1929 ⁴

275 2039 370 2102 vetio.
411 2038 633 2102 Informctionis
653 2037 767 2118 primae
794 2038 932 2102 rectioris
958 2037 1078 2104 leudem
1101 2040 1170 2106 lul.

274 2138 427 2218 Hertigius
447 2141 544 2216 hebet,
564 2138 731 2202 sodalitatis
746 2139 900 2216 jucundae
913 2139 1086 2204 memoriam
1102 2140 1171 2206 Joli

275 2241 432 2302 Bnlthnsor
458 2241 561 2314 Feseh
593 2241 631 2302 ed
657 2238 769 2302 veriam
801 2239 963 2302 lectionem
988 2240 1172 2308 inductionis

274 2342 405 2405 loliano.
427 2341 578 2404 Lindenns
598 2340 700 2420 Belga,
744 2340 841 2404 Socer
867 2341 1001 2404 omnium
1020 2341 1172 2409 nummio

276 2443 371 2504 simus
391 2442 530 2522 contigit3
555 2458 670 2504 summo
690 2440 868 2515 concordie,
889 2440 1037 2522 obsequio
1059 2448 1089 2506 ct
1108 2443 1172 2512 snu-
1260 2455 1262 2460 '

275 2542 399 2624 gnitate
424 2561 504 2606 uxor
530 2542 679 2614 convixit3
706 2542 801 2604 mirus
827 2541 994 2606 animorum
1020 2561 1087 2606 cum
1112 2543 1173 2612 im·

276 2639 365 2721 ποθ’)
388 2649 554 2706 concentus
570 2641 752 2723 perduravit
796 2642 937 2704 Omnium
957 2641 1174 2710 beneficiorum

276 2743 468 2824 complexum
487 2743 619 2806 Davides
639 2743 794 2823 Mogecrus
815 2749 845 2802 et
865 2739 1103 2822 christophorus
1113 2745 1173 2807 Be-

276 2845 384 2908 soldos
396 2843 536 2924 implent3
556 2843 609 2906 ille
619 2841 815 2918 instituione,
825 2841 873 2904 hic
888 2843 1173 2911 communicatione:

277 2952 407 3026 uterque
426 2944 604 3008 effusissimo
624 2963 698 3023 ope,
719 2961 799 3023 quos
813 2943 951 3022 proximo
963 2943 1175 3012 Muttinem-

276 3045 465 3120 ieurelieroo,
486 3044 623 3107 Andreas
646 3043 804 3118 Osionder‚
823 3043 951 3106 Michsel
968 3043 1127 3124 Zioglcros
1145 3053 1177 3108 et

277 3145 431 3208 ilenricus
450 3145 629 3225 Wellingius
656 3145 865 3225 insequuntur.
900 3145 1006 3210 lntiua
1026 3144 1176 3212 tunderi-
1243 3215 1245 3219 ,

278 3253 343 3308 tote
369 3253 399 3308 et
425 3245 521 3308 emico
548 3245 652 3308 officio
673 3243 782 3306 ebron
799 3242 973 3310 Hoelzelius
995 3244 1065 3321 luit,
1095 3251 1178 3311 asoto

281 3346 415 3408 amicitia
432 3345 611 3408 Willielmus
631 3343 982 3412 momenmentum
1008 3344 1095 3409 etum
1121 3343 1176 3412 du·

282 3447 357 3524 biis,
379 3446 492 3508 'lobias
511 3447 643 3522 Hessos,
670 3443 808 3508 Mntthios
829 3445 1038 3527 Bemeggerus
1059 3451 1089 3508 ot
1107 3443 1176 3514 loll.

350 3595 378 3664 t)
396 3593 465 3647 cod.
484 3595 513 3646 A.
533 3597 561 3646 et
576 3591 621 3646 B.:
635 3592 733 3648 -lratre
748 3591 861 3647 Ioanne.

981 3677 1031 3741 3*
