3025 4409
333 506 374 569 ῃ
614 497 949 555 ωωΛπηω

334 659 431 721 sentia
451 657 646 718 conterritum
667 676 787 716 manum
807 656 991 718 abstinuisse
1008 658 1144 736 quidam,
1166 676 1234 718 cae-
1289 681 1293 687 ¹

334 770 432 821 terum
459 760 640 820 documento
662 758 720 836 ipsi
744 763 869 817 aeterno
890 756 999 832 tuisse,
1026 778 1065 819 ne
1085 778 1180 837 porro
1202 759 1234 819 in

333 863 423 923 hasce
444 858 596 938 angustias
617 878 651 919 se
665 878 733 919 cum
747 858 907 936 desperato
920 858 1127 934 committeret,
1150 859 1234 940 quod

334 982 391 1023 suo
419 958 557 1036 exemplo
586 958 623 1017 ab
651 958 716 1019 aliis
738 958 896 1020 observari
914 957 996 1019 velit.
1038 960 1153 1019 Addam
1175 979 1232 1039 ego

334 1068 468 1142 quartam
491 1058 646 1119 historiam
666 1066 756 1139 atque
782 1078 848 1119 mea
868 1066 987 1137 sponte.
1030 1059 1155 1121 Solebat
1173 1062 1234 1121 Ha-

334 1160 509 1223 lenrefferus
531 1167 655 1219 matrem
681 1178 778 1219 meam
805 1179 898 1238 supra
922 1160 1099 1220 foemineam
1121 1168 1233 1221 sortem

334 1260 460 1321 mirifice
489 1260 650 1335 extollere,
680 1280 742 1321 uon
770 1259 828 1320 nisi
849 1259 1012 1339 viraginem
1040 1261 1233 1340 appellitaus3

334 1362 413 1421 inter
440 1360 570 1439 plurima
594 1361 652 1422 boc
680 1381 743 1421 non
776 1368 961 1439 postremum
993 1361 1091 1423 laudis
1124 1363 1234 1423 babuit.

333 1462 412 1523 Cum
429 1460 657 1539 Herreubergae
674 1460 847 1541 aliquandiu
863 1461 940 1540 patri
957 1480 1025 1522 meo
1041 1464 1234 1540 convixisset,

333 1580 461 1623 uxorem
482 1561 568 1622 duxit
580 1560 734 1639 Agatbam,
757 1561 858 1640 Magni
868 1562 997 1621 dohann.
1007 1562 1123 1624 Breutii
1131 1564 1232 1640 filiam,

335 1662 489 1743 Spindleri
508 1661 647 1732 viduam,
660 1661 775 1743 aliquot
796 1663 938 1741 orphanis
954 1670 1100 1725 onustam.
1134 1665 1233 1741 Hujus

334 1764 426 1845 paulo
453 1768 524 1843 post
541 1764 685 1839 juvenem
711 1770 801 1845 atque
828 1764 1005 1824 eruditionis
1030 1764 1120 1825 laude
1145 1765 1234 1825 tumi-

335 1864 503 1927 diusculum
533 1863 693 1943 poenituit,
721 1864 803 1945 quod
825 1865 897 1926 alibi
916 1866 1014 1926 forma
1034 1865 1184 1945 comptior
1205 1873 1236 1927 et

334 1968 391 2028 dos
413 1964 550 2045 amplior,
573 1982 649 2045 quae
670 1964 863 2043 neglexisset,
885 1966 1129 2045 exprobraretur.
1161 1967 1235 2027 lude

333 2065 504 2129 humanitus
527 2064 598 2145 quid
620 2083 741 2143 passus,
770 2066 954 2143 profundum
976 2066 1113 2127 dolorem
1134 2066 1234 2127 animo

335 2186 483 2249 coquere,
511 2182 639 2224 uxorem
660 2164 760 2225 minus
781 2165 951 2241 aestimare,
979 2167 1100 2227 sordius
1121 2166 1234 2242 vivere,

334 2265 529 2328 solitudinem
556 2282 709 2344 quaerere.
756 2264 828 2326 Non
855 2267 960 2329 fefellit
985 2275 1124 2343 matrem,
1157 2286 1235 2347 quae

334 2367 464 2446 primum
487 2365 637 2425 foeminae
657 2364 829 2443 patientiam
856 2375 886 2428 et
906 2364 1031 2429 sanandi
1051 2367 1149 2427 mariti
1168 2386 1234 2428 mo-

334 2488 399 2529 ram
424 2466 589 2545 persuasit,
617 2465 724 2525 dehinc
752 2485 875 2545 aegrum
902 2468 993 2529 animi
1018 2488 1161 2548 aggressa
1180 2486 1233 2527 ue-

336 2588 484 2650 quaquam
497 2566 628 2627 molliter
646 2562 764 2627 habuit:
787 2573 868 2644 tune,
891 2569 998 2646 ajebat,
1020 2578 1051 2630 et
1067 2569 1161 2630 sacris
1181 2568 1234 2627 ad-

336 2671 434 2731 dictus
457 2674 486 2727 et
508 2666 642 2727 eruditus
664 2666 811 2745 creditus,
832 2676 901 2747 tyro
924 2670 1000 2731 adeo
1022 2689 1071 2744 es,
1092 2677 1235 2749 utquam

335 2772 378 2833 sis
397 2772 549 2832 fortunam
569 2774 675 2828 nactus
698 2767 859 2829 etiamnum
879 2771 1005 2833 nescias.
1041 2772 1175 2830 Uxorem
1197 2788 1235 2828 ex

336 2873 456 2955 optimis
477 2878 589 2944 natam,
619 2868 731 2948 optime
753 2869 922 2945 educatam,
950 2870 1062 2950 optime
1084 2869 1236 2950 quondam

334 2982 472 3053 nuptam,
504 2970 639 3032 noudum
668 2988 831 3049 agnoscas,
864 2972 975 3031 nedum
1001 2970 1101 3052 magni
1126 2970 1237 3031 iacias?

334 3074 450 3135 Pudeat
471 3072 591 3147 ducere,
614 3090 703 3151 qnam
724 3069 843 3131 nescias
864 3092 921 3150 pro
943 3072 1057 3134 meritis
1079 3078 1109 3132 et
1128 3090 1166 3131 ex
1182 3088 1235 3131 oe-

335 3174 493 3237 conomiae
514 3192 573 3255 usu
593 3170 714 3246 habere,
736 3170 827 3250 plane
849 3172 998 3252 indignus,
1021 3172 1071 3233 cui
1092 3169 1236 3233 exancil-

334 3272 376 3335 lis‘
394 3273 468 3334 meis
490 3292 551 3333 una
571 3272 671 3333 nubat.
706 3272 820 3333 Prioris
843 3265 977 3353 conjugii
994 3264 1236 3333 benedictionem

335 3382 366 3435 et
386 3373 486 3434 soceri
506 3372 625 3435 laudem
646 3378 679 3433 tu
695 3372 760 3449 jam
781 3374 930 3451 possides,
952 3375 1096 3453 ingratus,
1118 3372 1150 3432 ni
1167 3373 1235 3431 Deo

334 3474 365 3535 id
379 3474 440 3550 uni,
462 3481 583 3553 praeter
603 3473 741 3533 meritum
761 3478 846 3534 tuum
866 3494 1028 3555 moresque
1049 3472 1161 3533 crudos
1183 3489 1234 3531 ac-

334 3582 453 3655 ceptum
485 3575 573 3637 feras.
629 3573 809 3651 Hujusmodi
842 3574 1076 3654 exprobratione
1109 3580 1139 3633 et
1172 3581 1234 3634 tum
