3025 4409
316 486 356 547 40
590 476 674 535 Liber
691 478 710 533 l.
747 476 934 537 toea-tota.

317 635 457 699 vertisset
489 656 537 699 me
563 636 732 699 matheseos
764 656 828 698 non
859 636 1010 716 ignarum,
1044 634 1112 714 ipse
1142 635 1220 699 hanc

319 738 407 800 etiam
437 738 575 819 peritiam
604 737 767 799 eruditioni
798 732 872 800 snae
904 735 1063 817 multiplici
1091 737 1222 817 jungere

320 840 427 920 sategit
457 839 672 921 pollicitusque
706 847 752 901 est
785 840 887 901 socios
919 839 1089 902 studiorum
1117 837 1222 918 plures

321 943 481 1005 adducere.
506 940 645 1003 Accessit
667 947 697 1001 et
722 941 805 1003 aliud
825 948 915 1023 atque
934 941 1118 1021 religiosum.
1144 938 1223 1001 Nam

323 1064 392 1106 oum
414 1042 618 1105 Griessbachii
643 1050 705 1104 tum
726 1042 867 1121 religioni
886 1049 1010 1105 nostrae
1031 1041 1223 1104 interdictum

324 1153 413 1223 esset,
435 1152 586 1207 caeterum
607 1163 743 1224 magnam
760 1143 835 1205 varii
852 1144 968 1206 ordinis
986 1143 1140 1223 hospitum
1157 1152 1222 1205 tur-

323 1249 392 1309 bam
423 1246 571 1309 taeduerit
604 1245 716 1307 seriatis
744 1244 850 1307 diebus
881 1244 967 1307 nulla
999 1264 1086 1307 secra
1113 1245 1223 1323 facere,

323 1348 411 1411 facile
438 1349 508 1410 mihi
533 1368 713 1429 persuasum
740 1353 801 1423 est,
834 1353 868 1407 ut
897 1346 1088 1409 ecclesiastae
1116 1366 1224 1427 perso-

324 1470 393 1512 nam
419 1449 619 1529 susciperem,
657 1470 726 1511 cnm
751 1454 851 1510 tantae
880 1448 1038 1511 concionis
1065 1449 1224 1511 autoritate

327 1564 357 1615 et
383 1552 554 1631 praesentia
580 1553 764 1615 sublevarer.
813 1552 908 1613 Erant
932 1555 1032 1613 autem
1058 1559 1130 1630 post
1152 1550 1223 1613 illu-

327 1653 429 1715 striss:
458 1653 626 1734 principem
639 1654 792 1716 Badanam
812 1652 960 1733 virginem
981 1671 1124 1733 sponsam
1143 1653 1225 1730 ejus-

327 1776 387 1838 que
417 1762 575 1835 cognatam
606 1757 746 1819 comitem
766 1754 985 1830 Hanovianam,
1020 1754 1109 1815 etiam
1133 1753 1227 1835 virgi-

327 1876 411 1934 nem,
438 1877 507 1919 eum
528 1858 664 1921 aularum
686 1858 830 1921 comitatu
850 1855 1029 1937 splendido,
1056 1854 1115 1916 viri
1137 1855 1227 1918 nobi-

326 1960 425 2038 litate,
460 1960 643 2037 eruditione,
678 1980 780 2023 rerum
809 1978 869 2019 usu
894 1958 1053 2039 conspicui
1081 1963 1112 2019 et
1141 1957 1228 2021 multi

328 2082 385 2125 suo
406 2062 478 2125 loco
500 2061 708 2141 percelebres,
731 2080 799 2122 cum
818 2060 944 2136 familia,
967 2079 1073 2122 omnes
1093 2059 1225 2123 maximo

327 2184 471 2241 numero,
500 2164 552 2244 qui
573 2164 793 2226 ornatissimam
814 2160 971 2223 ecclesiam
992 2161 1128 2243 (qualem
1148 2182 1227 2224 nun-

329 2286 418 2346 quam
445 2270 516 2344 post
542 2263 683 2325 hahuisse
710 2263 851 2338 memini)
881 2263 1076 2325 conficerent.
1125 2265 1230 2329 Adfuit
1279 2298 1282 2302 >

330 2366 418 2427 etiam
439 2366 576 2427 diversae
600 2366 755 2446 religionis
773 2365 989 2427 Truchsessins
1009 2367 1090 2427 Baro
1110 2368 1229 2431 Waldt·

329 2466 471 2547 burgiuS,
500 2467 619 2527 auditor
640 2487 831 2550 nequaquam
857 2468 994 2545 injurius·
1037 2468 1087 2530 Ad
1106 2471 1163 2532 hos
1183 2477 1227 2535 ta·

329 2570 375 2631 les
397 2588 463 2631 snm
483 2589 574 2632 ansus
590 2570 684 2651 loqui,
706 2575 797 2650 atque
812 2575 845 2630 nt
858 2570 1045 2631 testabantur
1063 2571 1228 2652 suffecisse,

330 2692 412 2735 nnnc
432 2672 503 2733 mihi
524 2672 634 2752 pudori
654 2671 748 2751 magis
777 2678 823 2733 est
850 2678 880 2733 et
904 2672 1109 2752 admirationi,
1139 2696 1230 2757 quam

331 2780 364 2835 nt
391 2774 474 2837 laudi
502 2774 617 2835 ducam.
667 2773 748 2850 Quid
776 2773 855 2835 enim
880 2794 944 2837 non
970 2775 1060 2839 audet
1087 2783 1117 2839 et
1138 2779 1229 2841 susti-

330 2881 383 2937 net
405 2876 550 2952 juventus
577 2876 744 2938 fautoribus
771 2877 899 2938 subnixa
926 2885 956 2941 et
981 2878 1229 2943 laudisstimulis

331 2979 413 3039 acta?
443 2976 516 3038 Non
537 2984 636 3040 tamen
654 2978 790 3057 poenitet
811 2978 960 3061 obsequii,
981 2982 1066 3062 qnod
1085 2982 1155 3045 inde
1176 2983 1228 3045 alii

333 3079 544 3156 succederent,
582 3080 634 3161 qni
664 3081 757 3142 saeris
792 3081 989 3160 iungerentur
1021 3088 1051 3144 et
1087 3083 1119 3144 in
1149 3085 1230 3147 huno

333 3180 412 3241 diem
433 3179 621 3258 obtinuisset,
644 3189 677 3244 ut
697 3189 803 3245 nostra
823 3202 910 3245 sacra
928 3184 1098 3265 hospitibus
1120 3205 1229 3249 conce·
1288 3244 1291 3247 ,

334 3284 486 3345 derantur.
517 3283 667 3346 Dimissus
684 3285 804 3347 tandem
824 3305 892 3347 cnm
910 3285 1040 3366 eleganti
1052 3288 1227 3367 honorario,

333 3392 367 3448 nt
386 3386 515 3466 primum
535 3385 629 3463 licuit,
652 3386 781 3466 exposui
802 3406 925 3467 operam
945 3407 1043 3451 meam
1062 3389 1229 3455 lectissimo

334 3487 480 3568 collegio,
516 3491 603 3567 cujus
631 3488 765 3551 membra
796 3489 917 3552 lohann
947 3491 1097 3556 Henrious
1124 3494 1230 3557 Offen-

333 3590 459 3672 burgius
481 3588 632 3655 disasterii
651 3608 799 3670 assessor,
822 3590 1059 3673 christophorus
1081 3599 1112 3655 et
1130 3595 1229 3657 Geor·
