3025 4409
637 477 780 549 Apologia.
1097 487 1156 546 roa

263 635 446 697 ferbuissent
470 655 615 698 censores
635 637 710 713 mei,
737 635 887 716 Apologia
906 635 1047 698 breviore
1068 638 1155 700 inuo-

264 738 390 798 centiam
411 756 505 798 meam
521 739 658 813 asserui,
691 738 778 815 cujus
800 737 825 798 is
846 757 919 798 usus
940 738 1008 812 fuit,
1036 746 1069 799 ut
1090 740 1156 819 qui-

263 837 320 899 bus
348 840 386 899 de
414 859 448 898 ea
468 839 585 899 abunde
612 837 783 913 constabat,
812 857 1026 916 supervacuam
1053 849 1083 900 et
1104 860 1155 900 an-

263 939 342 998 xiam
362 939 449 1000 nimis
471 948 643 1011 censerent;
672 938 781 1020 quibus
801 938 881 1000 livor
901 947 1006 1017 pectus
1028 940 1155 1002 obsede-

263 1046 324 1114 rat,
352 1059 392 1100 ne
417 1039 448 1100 in
468 1041 592 1118 gratiam
613 1039 711 1101 redire
732 1047 914 1119 cogerentur
934 1049 985 1101 aut
1005 1041 1090 1102 lateri
1110 1041 1155 1102 iu-

263 1140 485 1216 humanitatem,
519 1161 607 1202 aures
638 1140 781 1202 obturare
813 1147 842 1201 et
873 1140 980 1202 oculos
1007 1141 1155 1218 claudere,

264 1259 352 1319 quam
372 1240 525 1302 christiani
545 1241 638 1302 officii
657 1241 828 1303 meminisse
849 1241 1013 1304 maluerint.
1049 1240 1156 1304 Caete-

264 1359 341 1416 mm,
362 1341 445 1421 quod
466 1343 591 1402 solenne
611 1342 690 1417 mibi,
712 1363 747 1402 ea
766 1341 877 1402 invidia
897 1339 1019 1420 gratiam
1040 1343 1157 1422 peperit
1200 1343 1204 1351 ’

264 1448 354 1520 atque
378 1441 459 1520 apud
485 1442 530 1502 lll.
551 1443 804 1523 religiosissimam
831 1441 997 1521 principem
1018 1443 1156 1506 Ursulam

264 1541 447 1602 Dorotbeam
465 1540 535 1619 ¹⁰³)
562 1543 680 1604 viduam
707 1541 1015 1620 Wiirttembergicam.
1069 1547 1155 1621 Quae

266 1661 334 1702 cum
344 1643 465 1704 thermis
472 1641 662 1706 Callensibus
672 1641 913 1720 inHirsaugicnsi
927 1643 1076 1706 coenobio
1089 1657 1156 1708 ute-

266 1748 357 1816 retur,
379 1762 426 1804 me
444 1742 603 1824 aliquoties
614 1745 721 1805 accivit
732 1751 770 1817 et,
791 1741 917 1821 probata
928 1745 1156 1823 aequanimitate

266 1840 476 1924 dissipatisque
496 1845 660 1907 calumniae
680 1843 807 1918 nebulis,
829 1842 929 1904 multis
948 1843 985 1903 de
1002 1842 1093 1906 rebus
1108 1865 1156 1908 se-

268 1953 349 2004 crete
381 1945 532 2008 consuluit
557 1967 593 2007 ac
618 1946 725 2008 exinde
755 1944 787 2004 in
813 1943 881 2004 aula
906 1963 960 2004 sua
985 1943 1157 2026 frequenter

267 2053 424 2126 exceptum
445 2047 570 2108 comiter
589 2048 699 2109 habuit.
746 2044 812 2105 Nec
838 2043 970 2105 inutilem
989 2045 1156 2108 ministrum

266 2146 405 2209 babuisse
425 2147 598 2210 clementiae
618 2146 717 2226 plenis
735 2145 830 2208 literis
853 2153 882 2207 et
902 2145 1074 2208 muneribus
1094 2165 1156 2210 non

267 2249 361 2310 semel
387 2254 493 2310 testata
517 2255 572 2310 est.
624 2246 720 2324 Cujus
740 2247 827 2310 aulae
849 2247 1018 2326 magistram
1038 2247 1155 2310 Annam

267 2349 391 2409 Mariam
417 2349 610 2410 Stimmeliam
636 2348 755 2408 viduam
781 2349 912 2410 nobilem
946 2356 980 2410 ut
1009 2349 1087 2410 bene
1120 2351 1158 2412 de

267 2471 315 2511 me
335 2450 449 2511 meritis
469 2469 676 2524 annumerem,
705 2469 772 2508 rara
800 2450 908 2530 pietate
936 2461 966 2512 et
985 2450 1064 2512 virili
1085 2472 1157 2531 pru-

267 2551 368 2612 dentia
387 2551 503 2612 meruit.
541 2551 588 2611 Ex
609 2549 772 2629 Giiltlingia
793 2558 880 2629 gente
900 2558 1046 2630 prognata
1067 2559 1096 2614 et
1117 2553 1157 2613 ob

267 2651 297 2712 id
319 2650 444 2726 facilins,
470 2650 540 2710 inde
560 2650 690 2728 bospitio
712 2651 792 2729 apud
812 2669 869 2712 nos
891 2659 1025 2730 sumpto,
1047 2653 1157 2714 arctius

267 2753 337 2812 mibi
362 2751 529 2813 conciliata
569 2750 665 2812 Natus
691 2751 762 2812 mibi
788 2753 845 2812 hoc
871 2771 950 2812 auno
978 2759 1024 2812 est
1044 2753 1158 2814 Ebren-

268 2853 349 2914 reiob
371 2853 420 2913 tt.
432 2851 517 2924 Julii;
540 2871 578 2912 ex
588 2851 692 2913 liberis
704 2851 935 2930 infelicissimus
957 2854 1042 2930 cujus
1057 2853 1095 2914 ab
1111 2853 1158 2914 in·

269 2953 424 3015 cunabulis
440 2954 517 3015 ratio
534 2953 660 3029 turbata,
681 2953 857 3033 apoplexiae
873 2973 998 3016 accessu
1008 2953 1159 3016 destructa

269 3053 358 3133 plane
380 3062 439 3114 est:
462 3075 536 3115 crux
558 3054 664 3116 domus
686 3054 774 3116 coelo
797 3055 864 3116 data
885 3063 914 3116 et
934 3053 1089 3134 speculum
1110 3075 1158 3116 ar-

267 3153 348 3214 bitrii
368 3153 476 3231 divini,
503 3155 585 3236 quod
607 3154 738 3215 revereri
760 3173 878 3234 semper
898 3156 1009 3216 deceat.
1052 3155 1158 3243 Annus

270 3255 361 3314 1625.
372 3255 450 3316 inter
466 3256 679 3336 auspicatiores
695 3255 766 3316 mihi
780 3256 980 3317 numerandus
999 3255 1157 3318 Gnilbelm.

270 3354 459 3417 Ludovicnm·
490 3355 695 3435 Freiberginm
727 3356 893 3433 baronem,
931 3355 1096 3435 Oepfingae
1129 3362 1159 3416 et

272 3455 479 3518 Stauffeneccii
505 3457 657 3519 dominnm
676 3457 747 3518 mibi
768 3456 951 3533 conciliavit,
976 3477 1011 3518 ac
1031 3457 1159 3536 proinde

273 3557 418 3619 ecelesiae
438 3566 559 3620 nostrae
581 3559 793 3620 reconciliavit.
837 3557 912 3620 Cum
934 3559 1010 3620 enim
1032 3557 1057 3619 is
1078 3558 1157 3619 ther-
