3025 4409
341 461 401 534 aaa
558 491 561 499 .
604 452 745 510 ursariv.
780 450 966 512 roso-man
1019 486 1022 494 ,

343 620 423 686 sent,
448 629 510 672 nou
537 609 592 672 tuli
617 616 648 670 et
675 609 807 689 propitio
828 609 895 668 Deo
916 606 1061 670 inherba
1081 605 1233 672 suffocavi.

343 709 496 772 Amicitiae
522 716 696 776 ornamenta
720 708 776 768 tuli
797 707 944 770 Samuelis
972 705 1099 766 Gloueri
1126 714 1234 784 poetae

343 809 605 889 argentoratensis
632 809 730 870 eximii
753 807 946 887 paraphrasin
972 805 1130 885 elegiacam
1157 808 1233 868 Pro-

344 910 517 972 verbiorum
535 908 705 971 Salomonis
726 908 912 988 inscriptam,
935 925 1012 985 opus
1033 905 1135 967 nobile
1151 907 1232 978 700⁰

344 1010 471 1090 amplius
486 1009 623 1070 versibus
640 1008 818 1071 coniectum.
845 1010 883 1069 Et
901 1005 1046 1068 Johanuis
1059 1006 1153 1066 Stadii
1168 1027 1233 1068 mu·

346 1110 400 1173 sici
421 1108 632 1190 elegantissimi
651 1107 756 1169 Norici
784 1110 954 1170 cautionum
975 1125 1125 1168 sacrarum
1146 1106 1229 1168 lasci-

346 1208 446 1273 culum
467 1210 648 1284 dedicatum,
674 1215 764 1289 atque
790 1212 864 1270 hauc
885 1228 964 1270 auno
985 1207 1159 1270 coronidem
1179 1207 1233 1268 im-

346 1309 443 1388 posui.
490 1309 554 1370 Sub
576 1309 664 1369 tinem
685 1309 754 1372 anni
776 1309 958 1370 reverendus
983 1327 1077 1371 senex
1099 1305 1233 1370 Christo-

345 1408 460 1487 phorus
479 1410 781 1490 Schleupnerus¹²²)
796 1411 876 1472 Hofii
897 1408 1019 1470 antistes
1041 1427 1086 1466 me
1107 1417 1232 1486 paterno

346 1526 448 1581 amore
476 1511 651 1591 complexus
672 1513 702 1573 iu
722 1511 885 1572 anticorum
906 1508 1005 1571 album
1025 1505 1183 1568 intromisit
1204 1517 1234 1568 et

347 1608 466 1670 candidi
485 1611 607 1674 allectus
627 1613 807 1692 plenissimis
828 1610 921 1672 literis
942 1610 1049 1672 beavit.

388 1710 448 1786 Qui
467 1711 581 1790 primus
601 1734 619 1774 a
639 1713 791 1794 trigesimo
807 1731 903 1775 annus
920 1709 1066 1774 successit
1082 1706 1174 1770 nihilo
1185 1708 1233 1771 vel

346 1806 518 1872 domesticis
538 1813 702 1874 commodis
722 1813 772 1874 vel
792 1812 904 1891 patriae
925 1810 1019 1872 salute
1040 1807 1155 1870 felicior
1169 1808 1232 1878 suit.

347 1908 512 1974 Februario
533 1933 645 1988 mense,
664 1913 754 1977 unico
769 1913 859 1972 fratre
873 1910 990 1972 Jacobo
1004 1909 1074 1984 ¹²³)
1089 1909 1233 1970 Birckeu·

349 2009 525 2074 seldensium
543 2021 665 2092 pastore
681 2011 851 2094 superstite,
871 2010 995 2072 latronis
1011 2029 1098 2070 mauu
1110 2029 1147 2070 au
1160 2029 1177 2073 a
1189 2009 1234 2072 le-

347 2095 482 2191 muribus
499 2112 653 2188 incertum,
674 2113 946 2191 intempestanocte
962 2113 1148 2189 interempto,
1166 2131 1233 2174 cum

347 2208 456 2275 misere
477 2214 517 2273 54
537 2214 615 2275 vitae
631 2232 778 2276 annorum
794 2231 927 2290 magnam
942 2217 1054 2290 partem
1070 2209 1147 2272 iuter
1163 2213 1233 2290 chy-

347 2310 443 2372 micos
467 2313 565 2375 fumos
597 2321 627 2374 et
651 2312 755 2374 uxoris
787 2311 938 2374 adulterae
967 2312 1146 2391 imposturas
1173 2318 1234 2372 tra-

347 2408 491 2474 duxisset.
526 2413 671 2494 Sequenti
691 2407 788 2491 Aprili
807 2411 917 2474 filiolus
938 2411 1118 2472 Ehrenreich
1138 2412 1234 2474 femur

348 2510 484 2572 dextrum
510 2513 598 2592 tregit
624 2519 655 2574 et
679 2513 738 2574 hcc
765 2511 926 2574 infelicitati
953 2532 1025 2574 suae
1050 2512 1233 2576 auctuarium

347 2611 475 2686 addidit;
502 2614 556 2675 sed
581 2616 654 2675 haec
680 2612 846 2676 tolerabilia
873 2621 971 2676 sunto.
1012 2611 1094 2674 lulio
1117 2613 1245 2676 demum¹

347 2732 450 2775 meuse
470 2712 587 2776 nimbus
608 2713 780 2774 calamitatis
801 2713 832 2773 in
847 2733 904 2776 uos
922 2713 1039 2793 ingruit.
1068 2715 1137 2790 Quo
1156 2713 1233 2779 Cae-

347 2813 482 2875 sarianus
500 2814 587 2877 miles
609 2833 646 2874 ex
666 2813 749 2876 ltalia
768 2815 863 2876 redux
884 2814 959 2876 duce
970 2815 1074 2894 Egone
1084 2815 1234 2878 Fiirstem-

345 2910 451 2992 bergio
472 2915 580 2976 comite
599 2934 657 2978 uos
676 2916 831 2978 inundavit
850 2923 880 2976 et
898 2922 969 2994 post
979 2915 1135 2994 plurimam
1147 2935 1234 2996 prae-

347 3011 414 3090 dam
434 3013 587 3094 Tubiugae
612 3015 670 3078 snb
693 3016 799 3096 jugum
826 3015 912 3078 misit.
958 3015 1003 3076 Ea
1021 3033 1072 3078 res
1093 3024 1234 3098 quantum

346 3114 472 3177 terroris
492 3115 581 3178 uobis
602 3123 632 3178 et
651 3117 750 3178 damni
768 3115 845 3190 lecit,
867 3121 979 3180 tantum
998 3116 1097 3181 subito
1115 3116 1235 3180 levami-

347 3212 394 3274 nis
419 3215 535 3294 acoepit
566 3236 604 3278 ex
628 3215 813 3280 invictissimi
840 3215 939 3278 herois
966 3217 1044 3296 regis
1066 3218 1234 3280 Succorum

347 3314 547 3379 successibus.
579 3319 664 3380 Unde
685 3317 771 3378 miles
783 3315 980 3378 Caesarianus
996 3319 1060 3395 jam
1079 3318 1110 3380 in
1130 3319 1235 3382 statio-

347 3435 403 3479 nes
418 3415 541 3495 divisus,
556 3417 656 3481 subito
674 3425 817 3480 avocatus
835 3417 987 3496 disparuit,
1006 3427 1113 3480 eventu
1130 3419 1234 3500 (quem

347 3517 431 3578 Deus
457 3519 621 3594 secundet)
649 3518 807 3580 etiamnum
836 3537 994 3598 suspenso.
1049 3503 1154 3582 Annus
1186 3519 1234 3580 hic
