3025 4409
344 505 405 565 m
606 502 689 556 Liber
706 501 750 556 Vl.
788 500 974 590 1643-51649.

346 665 396 725 12.
409 663 515 743 April,
537 659 786 738 Buwinglrausius
809 657 862 732 .’..,
885 659 1010 720 Holzius
1034 660 1242 736 99199919-

346 783 406 845 que
425 763 498 824 belli
519 763 625 834 duces,
652 758 765 819 tribuni
792 767 821 818 et
842 760 1034 821 centuriones
1055 779 1163 838 magno
1184 779 1242 819 nu-

346 883 431 925 mero
452 882 510 925 nos
531 883 598 924 cum
620 857 759 920 satellitio
781 877 837 918 suo
859 859 1038 935 mulserunt,
1062 860 1170 941 quibus
1191 879 1243 920 ac-

346 972 504 1025 cesserunt
522 962 598 1025 varii
617 959 706 1038 legati
727 957 950 1038 Lunaeburgici
970 963 999 1020 2.
1014 961 1121 1034 Febr.‚
1143 961 1244 1020 Mom-

347 1064 552 1144 pelgartenses
572 1063 623 1122 26.
638 1061 732 1138 Sept,
753 1060 813 1135 alii,
835 1079 912 1140 quos
928 1061 1101 1140 indigitasse
1117 1060 1164 1120 hic
1182 1061 1245 1121 loci

348 1166 504 1244 sufficiat.
526 1162 574 1224 Ad
598 1159 715 1239 privata
741 1161 843 1238 potius
869 1162 1038 1236 veniamus,
1067 1181 1144 1242 quae
1173 1161 1245 1220 mihi

348 1285 444 1346 pauca
468 1265 557 1337 laeta,
592 1259 690 1320 tristia
715 1259 802 1339 plura
828 1260 972 1340 obtigere.
1028 1262 1096 1337 illa,
1130 1263 1246 1323 natales

348 1369 445 1428 191999
465 1360 757 1452 9999931919919999
779 1360 883 1421 Annae
901 1360 1077 1422 Oatlrarinae
1098 1363 1246 1424 Riielinae

351 1469 401 1528 11.
412 1464 517 1544 April,
531 1462 585 1523 sed
594 1462 644 1521 211.
656 1469 727 1540 post
736 1460 817 1521 Junii
828 1461 985 1538 extinctae,
1002 1463 1113 1523 Mariae
1124 1464 1245 1543 Marga-

351 1570 452 1628 retlme
468 1562 629 1624 Walteriac
651 1564 699 1622 19.
710 1561 797 1635 Julii‚
821 1568 849 1621 et
870 1562 1050 1623 Gottliebiae
1065 1563 1245 1624 Andreanae

352 1669 381 1730 3.
393 1668 487 1740 Non,
514 1666 604 1737 haec,
633 1662 738 1723 funera
764 1662 968 1742 frequentiora
988 1663 1086 1741 magni
1107 1671 1136 1724 et
1155 1663 1246 1742 pretii

353 1777 383 1830 91
414 1766 525 1828 amoris
559 1771 589 1825 et
619 1761 770 1823 commodi
805 1769 835 1822 et
864 1763 1065 1824 familiaritatis
1097 1765 1243 1843 crepitum:

352 1887 459 1947 nempe
479 1863 639 1927 Christiani
659 1863 776 1924 comitis
796 1863 993 1942 Oldenburgii
1010 1863 1246 1926 Delmenhorstii

351 1969 452 2049 stirpis
473 1985 545 2028 suae
562 1964 671 2037 ultimi,
697 1962 826 2042 Augusti
851 1965 909 2024 mei
935 1983 973 2024 ex
998 1983 1106 2025 sorore
1128 1965 1247 2044 Sibylla

351 2070 520 2133 Elisabetha
540 2065 659 2144 nepotis
680 2064 729 2124 23.
743 2063 860 2138 Martii,
891 2083 996 2143 magna
1017 2065 1124 2126 domus
1143 2065 1246 2144 regiae

347 2175 475 2250 jactura,
491 2161 872 2245 Philippilieinlroteri²⁸⁴)
885 2165 971 2226 amici
985 2165 1062 2225 ultra
1073 2166 1245 2227 vicennium

353 2266 567 2350 exoptatissimi
591 2266 640 2326 13.
654 2264 741 2339 19111,
763 2264 908 2326 iohannis
927 2265 1078 2326 Wilhelmi
1098 2266 1246 2328 Menlins-

352 2369 425 2431 noti
435 2376 465 2430 et
477 2367 571 2446 ipsius
587 2364 696 2426 nobilis
712 2363 819 2439 9111919,
835 2363 892 2425 viri
907 2366 1090 2444 integerrimi
1102 2369 1153 2430 29.
1165 2368 1245 2442 lam,

353 2470 524 2530 Dorotheae
550 2464 789 2544 Stettenbergiae
821 2466 962 2542 gynaecei
992 2466 1117 2528 illustris
1151 2469 1245 2548 magi-

352 2578 442 2645 strae,
462 2585 547 2628 rarae
569 2572 599 2626 et
614 2584 769 2626 sacrorum
788 2569 817 2624 et
834 2565 986 2627 muliebris
998 2567 1162 2628 industriae
1178 2569 1244 2630 loe·

353 2670 464 2743 minae,
489 2686 564 2727 anus
585 2665 739 2744 praeclare
761 2665 798 2724 de
820 2665 911 2727 domo
930 2667 1095 2728 Wiirtemb.
1112 2669 1245 2744 meritae,

354 2767 478 2850 Georgii
498 2765 615 2827 Mundii
630 2767 701 2844 jure
721 2764 867 2842 consulti,
893 2767 1049 2829 clarissimi
1075 2767 1248 2830 cancellarii

354 2867 624 2947 Saxo-Coburgici
653 2866 766 2943 affinis,
804 2867 927 2946 Georgii
956 2867 1072 2928 Alberti
1100 2867 1246 2944 Nerolin-

353 2969 453 3049 gensis
478 2969 615 3030 antistitis
635 2987 724 3047 quam
743 2967 819 3029 foris
839 2967 979 3043 minoris,
1000 2978 1059 3030 tam
1081 2966 1163 3029 domi
1182 2968 1245 3029 vir-

352 3070 464 3132 tutiset
474 3068 591 3150 pietatis
601 3069 678 3129 lama
689 3069 856 3150 meritoque
866 3069 988 3144 majoris
999 3068 1143 3148 theologi,
1154 3076 1243 3131 aetat.

354 3171 403 3234 17.
426 3171 475 3231 17.
495 3169 674 3242 Novembr.‚
703 3168 827 3247 Georgii
849 3167 982 3230 Gouradi
1007 3169 1143 3230 Maicleri
1167 3189 1245 3249 poe-

353 3277 401 3332 tae
421 3269 532 3332 nobilis
553 3269 775 3332 contubernalis
797 3277 827 3331 et
842 3268 1053 3330 commilitonis
1067 3269 1135 3348 plus
1153 3289 1245 3351 quam

352 3371 596 3452 quinquagenarii
621 3370 713 3450 longe
742 3369 909 3432 suavissimi
936 3369 986 3431 27.
1006 3368 1120 3446 Martii,
1152 3371 1185 3432 P.
1208 3371 1242 3432 F.

351 3470 519 3533 Raumaieri
533 3470 689 3531 immature
703 3471 791 3532 nimis
809 3470 954 3531 ecclesiae
969 3469 1059 3531 rebus
1081 3471 1177 3550 erepti
1193 3473 1243 3532 19.

351 3570 460 3648 Martii,
480 3578 512 3632 et
523 3570 649 3631 loannis
662 3568 923 3648 Altermannillll
943 3570 1068 3648 pictoris
1089 3570 1242 3631 familiaris
