3025 4409
546 471 673 546 Synodus
691 475 868 544 vituperatur.
1089 485 1151 546 Μ

256 633 345 712 patrii
360 633 443 694 succi
456 632 604 693 helnones
618 631 708 692 luxus
722 632 769 692 sni
785 633 1045 712 exprobrationem
1061 655 1150 716 aegre

256 736 404 809 ferentes,
430 733 460 792 in
487 751 632 794 exuccum
658 732 849 812 gelidumque
870 734 1063 795 ministerium
1085 755 1149 796 om-

257 855 326 896 nem
340 833 551 896 contumeliam
569 833 757 894 effunderent
776 841 950 914 vestesque,
971 835 1080 915 quibus
1096 855 1149 914 pa—

257 937 360 998 randis
381 955 522 1009 annnnm,
545 941 580 994 nt
598 934 657 994 hoc
677 934 736 993 lert
754 939 883 1012 tempus
904 935 1084 1014 stipendium
1097 937 1150 997 vix

259 1039 425 1111 sufficeret,
458 1036 571 1113 majore
601 1034 766 1112 petulantia
791 1055 837 1094 an·
860 1035 968 1113 injuria
993 1037 1149 1112 incertum,

258 1140 449 1218 imperarent,
471 1137 552 1216 quod
575 1146 671 1196 tamen
692 1142 722 1194 et
743 1135 840 1214 ipsum
861 1143 967 1215 postea
986 1137 1017 1198 in
1037 1141 1150 1202 inmnm

257 1240 338 1300 abiit.
381 1240 426 1299 Ex
451 1237 538 1298 laetis
558 1237 647 1313 hujus
673 1235 744 1294 anni
764 1236 884 1314 publica
905 1239 1025 1300 luerunt
1045 1243 1151 1304 natalis

256 1340 377 1420 puellae
391 1338 535 1418 principis
547 1335 734 1397 Christianae
745 1335 918 1399 Fridericae
938 1341 988 1402 28.
1001 1342 1027 1402 F
1028 1343 1098 1419 ebs,
1121 1353 1151 1406 et

257 1441 398 1521 nuptialis
426 1439 571 1500 Friderici
593 1435 737 1496 Ludovici
759 1438 877 1499 comitis
898 1441 1060 1502 Leosteinii
1082 1463 1149 1505 cum

257 1546 346 1605 Anna
356 1541 479 1604 Sidonia
493 1559 531 1599 ex
543 1535 770 1598 Tiellenbacbiis
784 1536 947 1602 baronibus
961 1550 1028 1603 orta
1038 1529 1087 1606 24.
1096 1547 1151 1608 Ju-

256 1645 306 1720 lii‚
328 1644 436 1726 quibus
452 1637 608 1711 benedixi,
629 1637 744 1714 privata
767 1645 872 1717 neptes
893 1641 984 1712 duae,
1007 1651 1093 1706 natae
1111 1635 1151 1708 ex

257 1745 321 1806 lilia
334 1745 458 1824 Agneta
480 1738 591 1801 Elisab.
603 1737 790 1816 Margaretha
808 1741 858 1800 29.
877 1741 972 1819 Sept,
992 1743 1056 1806 filio
1075 1767 1150 1810 vero

260 1845 408 1919 Gottlieb‚
430 1841 598 1934 Christiana
618 1839 762 1900 Patientia
782 1841 832 1900 23.
845 1841 986 1906 Decemb.
1022 1845 1152 1926 Nuptiae

259 1946 347 2006 etiam
369 1942 493 2021 Georgii
511 1939 652 2013 Walteri,
681 1939 761 1999 Petri
782 1940 885 2019 generi
905 1942 962 2002 mei
984 1943 1051 2019 filii,
1083 1965 1151 2008 cum

260 2046 356 2107 Maria
382 2040 590 2120 Gbrislophori
617 2039 779 2108 Demmleri
805 2041 974 2102 amicissimi
1000 2047 1152 2124 quondam

260 2147 320 2208 mei
337 2146 407 2218 lilia,
426 2141 544 2224 quibus,
564 2139 634 2199 dum
650 2140 786 2218 synodus
800 2149 903 2202 nostra
920 2161 1026 2223 aquam
1038 2146 1151 2225 pistillo

259 2247 408 2319 tunderet,
424 2243 536 2303 Calvae
549 2260 633 2300 meae
653 2241 761 2301 lubens
774 2241 894 2301 interlui
915 2244 964 2303 15.
977 2245 1057 2324 Maji.
1089 2249 1151 2308 De-

258 2347 343 2407 licias
376 2346 511 2405 lecerunt
543 2361 640 2420 nepos
665 2341 819 2402 Jobannes
844 2341 960 2403 Valent.
982 2345 1091 2407 Riielin
1123 2356 1153 2410 et

258 2447 354 2508 Maria
373 2445 506 2506 Barbara
530 2441 675 2501 Walteria
699 2441 796 2521 neptis
818 2461 873 2520 per
901 2445 1151 2525 quinquemestre.

193 2568 196 2572 ·
258 2547 445 2608 Lndovicum
475 2542 742 2617 llobenieldernm‚
781 2543 817 2602 de
852 2563 912 2622 quo
948 2545 1038 2621 paulo
1071 2555 1153 2626 post,

258 2648 395 2709 ultimum
415 2644 477 2704 vidi
497 2643 653 2721 Esslingae
672 2644 802 2704 31..1an.
833 2642 974 2720 Hospites
995 2646 1153 2709 honorifici

258 2747 396 2808 inerunt:
413 2745 554 2823 princeps
569 2743 690 2820 Sylvius
704 2742 832 2803 Nimrod
847 2744 895 2803 11.
909 2742 1016 2820 Martii,
1034 2747 1154 2810 Odoar.

260 2849 319 2908 dns
336 2846 447 2906 Stroza
460 2863 562 2906 comes
577 2841 670 2903 Italus
689 2841 730 2902 ob
747 2841 922 2921 religionem
941 2844 1011 2904 exul
1032 2849 1059 2908 d.
1071 2846 1154 2926 Julii,

259 2945 435 3009 lleinboleri
449 2943 508 3005 mei
522 2944 601 3004 filins
616 2942 766 3020 Georgius
780 2942 898 3003 Ulricus
918 2943 966 3004 23.
981 2944 1080 3022 Febr„
1098 2950 1155 3010 lia-

256 3050 318 3130 jeri
336 3049 417 3110 lilius
438 3045 586 3105 llenricns
607 3042 753 3103 Martinus
774 3045 824 3104 29.
837 3043 918 3120 Maji,
939 3045 1091 3124 losephns
1103 3049 1155 3111 Je-

260 3150 394 3212 nischins
415 3154 446 3207 et
467 3146 646 3207 Franciscns
668 3143 787 3223 Koenig
807 3143 1091 3224 campidonensinm
1112 3149 1156 3210 le-

260 3251 323 3331 gati
343 3251 394 3310 29.
407 3247 487 3308 Nov.
508 3255 628 3324 praeter
646 3243 757 3304 varium
778 3244 901 3305 turbam.
945 3247 1060 3328 Ecquid
1082 3267 1156 3310 vero

263 3448 472 3528 benignissimi
491 3447 556 3509 beri
575 3444 720 3526 principis
738 3446 807 3522 mel,
830 3465 887 3528 qua
908 3467 955 3509 me
972 3449 1084 3510 dudum
1105 3450 1157 3512 de-

264 3551 428 3612 sideratum
461 3557 492 3608 et
524 3567 597 3609 snae
630 3544 716 3606 aulae
749 3545 943 3608 ecclesiasten
976 3548 1099 3628 expetiit
1131 3559 1161 3612 at

972 3647 1119 3734 ru,
