3025 4409
486 488 666 545 eontinentur
682 489 801 544 moendii
817 490 976 562 descriptio.
1140 498 1180 561 75

281 645 370 709 latius
392 646 560 709 invaluerit.
598 647 659 709 Sed
680 646 711 707 id
731 655 766 709 ut
785 646 843 707 clia
863 647 941 708 mela
959 654 1065 709 nostra
1085 650 1178 711 dehe-

282 767 347 809 mus
376 748 404 809 ei
436 768 524 829 quam
550 747 635 809 initio
662 749 802 811 accusavi
828 748 1034 824 dissolutioni,
1061 770 1121 830 qua
1147 759 1179 811 ot

280 848 429 928 imperare
448 856 477 909 et
493 868 602 928 parere
617 849 853 927 de[di]dieimus:
873 868 974 930 neque
985 850 1072 912 etiam
1085 852 1178 915 rebus

280 949 423 1011 secundis
443 958 569 1029 apparet
589 969 677 1030 quam
705 949 878 1030 periculose
906 959 937 1011 et
956 950 1072 1011 lubrice
1092 952 1176 1014 vivs-

279 1068 363 1125 mus,
386 1048 555 1111 hominibus
576 1048 740 1129 inexpertis
762 1050 899 1127 subjecti,
919 1050 979 1112 nisi
999 1072 1068 1113 cum
1087 1073 1177 1117 ossus

277 1148 387 1230 aliquis
407 1149 529 1229 gravior
548 1150 633 1212 viros
653 1151 762 1230 poscit.
791 1150 910 1230 Nempe
929 1151 1100 1232 objurgare,
1120 1156 1176 1215 mi-

277 1248 358 1325 nari,
386 1248 548 1325 dominari,
575 1249 753 1329 praebibero
774 1252 862 1313 etiam
882 1253 1026 1331 perfacile
1048 1262 1104 1331 est,
1125 1276 1175 1317 re-

277 1367 352 1427 gere
373 1369 441 1410 cum
462 1350 621 1429 prudentia
642 1357 672 1411 et
697 1351 873 1413 fortitudine
898 1372 962 1415 non
988 1374 1086 1436 aeque
1111 1357 1177 1437 ple-

276 1468 358 1511 num.
381 1450 477 1511 Multa
496 1450 585 1512 unius
607 1451 703 1513 virtus
731 1452 834 1531 erigit,
866 1453 995 1533 plurima
1019 1457 1109 1519 unius
1131 1460 1176 1520 vi-

276 1548 350 1610 tium
379 1550 515 1613 destruit.
563 1551 640 1613 Nam
666 1572 733 1614 cum
762 1554 926 1634 Vsihingae
950 1555 990 1616 sd
1013 1557 1120 1619 florem
1146 1567 1178 1622 et

278 1649 425 1729 optimum
458 1651 574 1731 reipub.
597 1659 706 1715 statum
733 1653 806 1714 nihil
833 1654 925 1730 desit,
959 1676 1020 1717 unc
1044 1659 1176 1739 Erinnys

278 1750 410 1829 optimos
431 1772 571 1833 quosque
592 1753 630 1813 sd
651 1754 765 1832 optima
785 1755 948 1817 enervavit.
992 1757 1076 1817 llaec
1096 1760 1175 1821 sacri

276 1851 362 1913 verbi
390 1852 588 1915 ministerium
615 1854 685 1916 lecit
705 1854 856 1933 abjectum
882 1876 951 1917 cum
975 1856 1007 1917 in
1032 1857 1174 1937 pinguio-

276 1972 326 2015 res
354 1954 427 2015 nihil
453 1954 502 2015 vel
523 1954 602 2016 ausit
627 1955 675 2015 vel
696 1954 811 2036 possit:
840 1956 914 2016 haec
933 1955 1084 2035 primores
1103 1957 1174 2019 lecit

276 2052 444 2116 dissolutos
475 2074 543 2117 cum
568 2054 667 2116 ventri
687 2055 782 2135 magis
809 2076 897 2136 quam
915 2055 1098 2135 reipublicae
1118 2058 1175 2118 im-

274 2154 421 2233 pendant:
448 2156 522 2225 haec
548 2155 629 2217 cives
651 2156 722 2217 iecit
745 2155 911 2217 insolentes
941 2175 1010 2216 cum
1037 2158 1171 2236 cujusvis
1260 2190 1264 2198 =

274 2256 445 2335 patrocinio
467 2256 624 2335 imperium
645 2255 732 2317 facile
752 2256 908 2335 einciant:
941 2258 1016 2319 haec
1035 2259 1173 2339 singulos

274 2356 347 2417 lecit
381 2356 550 2419 diffidentes
578 2376 647 2417 cum
675 2357 798 2419 videant
821 2358 1044 2420 arcanisdolis
1070 2360 1175 2440 potius

275 2476 365 2539 quam
385 2457 518 2519 mascula
536 2464 565 2518 et
583 2464 686 2537 aperta
706 2458 895 2521 dissensione
912 2454 1084 2540 remlilgeri.
1109 2461 1173 2523 Au·

274 2576 328 2618 ree
346 2576 410 2618 vox
431 2566 477 2619 est
502 2564 532 2619 et
552 2558 659 2620 merito
686 2558 775 2621 nobis
802 2559 980 2640 repetenda:
1008 2562 1175 2623 concordie

274 2678 385 2739 parvae
410 2676 460 2719 res
482 2666 637 2730 crescunt,
664 2660 816 2721 discordie
841 2680 965 2739 maguae
991 2659 1173 2723 dilabuutur.

273 2758 373 2821 Nocte
398 2758 585 2836 imminente,
612 2758 712 2823 multis
738 2760 862 2841 vigiliis,
892 2760 988 2821 multo
1014 2761 1102 2821 etiam
1127 2762 1173 2822 lc-

273 2859 350 2922 hore
370 2878 411 2921 ne
432 2858 627 2947 revivisceret
646 2862 756 2923 malum
777 2878 856 2940 opus
877 2860 946 2936 tuit,
968 2860 1021 2941 qui
1040 2860 1074 2921 iu
1092 2862 1173 2924 diem

273 2980 371 3043 usque
393 2959 573 3033 continuati3
602 2980 663 3041 quo
686 2962 756 3024 dum
777 2980 878 3042 rerum
896 2961 1029 3021 omnium
1049 2961 1173 3040 ignarus

274 3062 397 3125 domum
417 3080 566 3141 propero,
594 3062 783 3141 Stutgsrdice
803 3062 925 3144 quidem
949 3060 997 3124 vir
1022 3063 1194 3142 amplisu-1

273 3182 340 3225 mus
367 3166 407 3224 D.
428 3161 573 3223 Erasmus
600 3162 808 3243 Griiningerus
834 3161 981 3224 ecclesiae
1013 3167 1171 3243 praeposi-

273 3270 322 3323 tus
343 3262 545 3339 reverendus,
567 3282 630 3323 rem
652 3282 714 3324 non
736 3264 807 3327 satis
830 3263 1007 3343 explicatam
1028 3264 1170 3326 dissimu-

272 3362 359 3440 lavit,
379 3363 433 3425 sed
443 3363 565 3442 paulos
581 3371 669 3443 porte
683 3364 872 3445 ingeniosiss.
893 3384 978 3426 meus
990 3364 1061 3426 Joh.
1073 3366 1170 3426 Gren-

272 3462 403 3525 meierus
435 3463 579 3543 principis
612 3464 792 3527 architectus
817 3466 903 3527 testis
928 3465 1067 3528 oculmus
1093 3464 1170 3526 iufe-

272 3562 414 3625 licitetem
434 3564 560 3643 operuit.
599 3566 684 3627 Unde
707 3564 856 3629 cineribus
876 3575 907 3628 et
925 3566 1001 3629 loeis
1021 3565 1096 3628 meis
1115 3566 1169 3627 ad·
