3025 4409
302 465 367 528 με
576 458 659 512 aas»
679 457 721 511 vt
739 457 925 514 tota-tora.

303 614 379 694 cipis
388 631 515 676 numero
526 616 578 676 20.
588 615 651 678 Jul.
664 621 773 690 actum,
786 621 816 676 et
827 633 896 676 cum
907 611 1065 676 ordinibus
1074 616 1123 674 25.
1133 614 1205 675 Au-

304 724 382 796 gust
402 714 666 793 communicatum,
687 715 740 776 vix
760 714 878 776 tandem
899 721 969 793 post
989 729 1133 776 semestre
1153 717 1204 776 ei-

304 812 415 878 iectum
432 814 542 877 habuit.
574 815 743 878 Ellloruere
763 818 822 878 hoc
841 835 921 876 anno
943 815 1004 876 duo
1026 814 1095 876 vitis
1108 817 1203 876 Wiir-

305 915 449 996 temberg.
459 914 596 995 palmites
615 919 643 980 t.
656 917 739 997 Sept.
761 916 856 978 Maria
872 914 1031 977 Gatltarina
1043 914 1205 978 Charlotta

305 1014 409 1077 Ulrico
435 1015 562 1095 principi
582 1035 620 1076 ex
641 1016 755 1094 Sophia
776 1018 930 1078 Dorothea
950 1015 1117 1093 Solmensi,
1144 1019 1203 1079 sed

306 1134 383 1196 quae
411 1115 504 1177 biduo
532 1123 603 1194 post
621 1121 746 1176 matrem
766 1117 876 1178 multae
896 1116 1014 1178 virtutis
1034 1116 1204 1196 prinoipem

306 1214 427 1278 octiduo
452 1215 582 1290 exaruit,
611 1222 642 1277 et
670 1215 721 1279 27.
737 1215 901 1282 Novembr.
927 1219 1014 1278 Anna
1040 1216 1204 1278 catharine

307 1315 482 1378 Eberhardo
507 1315 636 1395 principi
662 1318 736 1379 hero
763 1318 868 1399 quinto
895 1328 966 1399 post
990 1318 1053 1390 die,
1081 1320 1109 1380 1.
1124 1320 1201 1380 Dec.

308 1433 395 1478 sacro
415 1418 498 1478 fonte
518 1435 574 1494 per
587 1437 636 1478 me
652 1417 753 1494 tincta,
773 1419 915 1481 vivacior.
953 1418 1085 1480 Fatalem
1104 1438 1202 1498 porro

307 1535 418 1578 annum
442 1515 610 1578 habuerunt
636 1537 676 1578 ex
701 1518 753 1595 iis,
787 1520 838 1600 qni
864 1521 943 1600 apud
962 1539 1011 1580 me
1031 1519 1062 1580 in
1082 1519 1200 1598 pretio:

307 1617 422 1697 Agatha
452 1637 554 1679 comes
586 1618 753 1680 Solmensis
781 1619 1070 1699 Rupis-Spoletani
1104 1618 1203 1699 reguli

307 1717 406 1795 vidua,
423 1719 486 1795 jam
507 1719 626 1798 saepius
645 1718 774 1794 laudata,
802 1721 851 1780 14.
868 1718 1042 1791 Novembr.‚
1064 1718 1201 1797 heroine,

306 1826 427 1899 praeter
452 1820 516 1882 oris
541 1821 671 1900 speciem
698 1827 728 1881 et
759 1819 869 1899 ingenii
896 1819 1071 1900 elegantiam
1098 1818 1202 1881 multis

307 1919 466 1982 virtutibus
492 1921 671 2000 conspicua,
697 1920 735 1980 de
761 1939 808 1980 me
828 1919 984 2000 prosperis
1010 1927 1040 1981 et
1065 1918 1203 1982 adversis

307 2020 399 2082 rebus
419 2019 493 2082 meis
513 2020 667 2099 praeclare
685 2020 799 2094 merita,
821 2021 1050 2083 climactericum
1059 2019 1203 2100 magnum

308 2139 518 2201 supergressa,
549 2120 720 2182 Fridericus
748 2119 912 2182 Casimirus
939 2119 1141 2182 Chanolzkius
1169 2128 1203 2183 et

307 2219 369 2282 Job
380 2221 519 2282 lleimant
530 2219 701 2297 Lente²⁷⁰)
712 2219 840 2295 nobiles,
858 2219 909 2282 ille
925 2221 971 2282 hic
983 2221 1102 2302 quidem
1115 2221 1201 2282 Stut-

307 2321 428 2400 gordiae
455 2324 505 2384 12.
521 2318 610 2397 lolii,
637 2320 784 2381 hisvero
810 2319 841 2380 in
866 2321 934 2382 arrla
956 2322 1084 2402 Augusti
1104 2321 1201 2384 Guel-

308 2421 492 2501 plrerbiitana
512 2423 563 2483 23.
575 2421 751 2498 Decembr.‚
778 2427 905 2502 uterque
923 2422 1068 2484 amicitiae
1087 2421 1148 2482 fide
1169 2429 1203 2483 et

307 2521 400 2602 longa
424 2522 643 2584 consuetudine
667 2521 800 2601 probati,
828 2529 891 2583 tum
916 2523 985 2585 Joh.
1005 2522 1123 2584 Martio.
1146 2523 1201 2584 Ei-

308 2621 450 2702 sengrein
474 2629 620 2703 cognatus
648 2629 679 2684 et
703 2622 792 2703 primi
818 2622 956 2701 tyrocinii
975 2624 1013 2685 ad
1033 2624 1201 2704 Regiolon-

307 2731 369 2786 tem
395 2723 508 2785 sodalis
534 2724 691 2804 Esslingae
717 2724 768 2784 26.
789 2722 883 2802 April.
933 2722 999 2786 Nec
1028 2725 1200 2806 praeteribo

307 2823 450 2886 Βοείιιεω
479 2825 629 2905 quondam
656 2822 809 2885 Francisci
834 2823 973 2900 Erhardi‚
1008 2833 1038 2888 et
1064 2826 1143 2886 thori
1169 2833 1202 2888 et

307 2925 372 2988 ludi
396 2924 520 2987 literarii
544 2925 655 2986 sociam
682 2923 899 3000 fidelissimam,
928 2926 1010 3006 quod
1033 2927 1071 2987 de
1087 2927 1200 3004 juven-

307 3033 372 3090 tute
399 3024 558 3088 chrismae
584 3026 623 3086 ad
643 3025 870 3106 nonagesimum
897 3045 994 3108 usque
1019 3026 1123 3088 aetatis
1143 3045 1199 3088 an-

307 3148 380 3191 num
398 3126 517 3207 egregie
533 3126 683 3200 meruerit,
703 3128 753 3186 24.
765 3124 867 3186 Martii
884 3123 994 3188 Calvae
1012 3127 1197 3199 defunctam

307 3235 339 3290 et
364 3227 468 3290 Seram
492 3226 618 3288 loannis
640 3227 749 3290 Jacobi
774 3226 899 3288 Andleri
924 3245 1065 3303 uxorem,
1093 3227 1199 3290 foemi-

308 3348 378 3390 nam
396 3326 648 3403 honestissimam,
674 3328 800 3388 vicinam
821 3347 916 3388 meam
935 3328 986 3390 25.
996 3328 1122 3408 August.
1144 3347 1199 3389 ex·

305 3428 442 3505 tinctam,
461 3447 498 3488 ac
519 3447 557 3488 ex
577 3429 660 3490 curia
678 3429 826 3490 loannem
848 3427 1011 3506 Georgium
1029 3428 1199 3490 Schmiere-

308 3550 388 3606 rum,
420 3550 509 3612 quem
535 3530 586 3590 21.
605 3528 699 3608 April.
724 3545 807 3590 mors
832 3527 961 3592 abstulit.
1007 3529 1052 3588 Ex
1078 3527 1199 3590 casibus
