3025 4409
473 500 636 555 Academiae
652 499 833 568 Tubingensis
851 499 997 556 restitutio.
1121 506 1186 568 m

288 661 364 720 miae
394 667 554 731 renovato,
592 679 640 718 res
673 659 755 719 finita
782 658 874 718 lunio
908 677 1011 718 mense
1043 659 1185 742 typisque

287 760 438 838 publicata
460 768 514 820 est.
548 759 689 836 Quaesivi
706 768 736 820 et
751 760 816 836 ipse
831 758 868 818 ab
891 760 973 820 hisce
994 760 1099 839 legatis
1120 780 1183 822 uts-

286 862 400 934 lorum,
428 881 505 941 quae
527 860 689 920 claustrum
711 861 769 920 boc
796 860 984 937 premebant,
1010 861 1184 926 remedium

287 964 341 1022 sed
362 964 473 1022 frustra
495 961 536 1021 tui
559 970 588 1022 et
611 961 754 1022 remissus
776 980 823 1033 en,
846 959 896 1020 ubi
918 960 947 1020 in
970 960 1073 1020 ulcere
1090 961 1184 1040 potis-

287 1066 393 1123 simum
415 1063 520 1141 anguis
542 1061 695 1136 haerebat,
722 1062 864 1134 caeteris,
892 1081 1020 1142 quorum
1043 1063 1183 1126 intereunt

286 1164 438 1224 communi
464 1183 572 1222 cauisse
599 1182 721 1236 cavere,
749 1162 840 1222 altnm
862 1162 1065 1226 stertentibus.
1109 1163 1185 1242 Aug.

286 1264 398 1324 mensis
427 1265 467 1323 29
488 1271 613 1324 vocatus
641 1265 679 1324 ad
706 1264 855 1340 synodum
878 1284 915 1324 ex
943 1263 1044 1326 cilicio
1065 1263 1186 1339 infelici,

286 1385 359 1425 sane
380 1365 442 1424 sato
464 1365 652 1443 Stntgardioe
674 1363 842 1441 comparui,
865 1364 917 1426 ubi
938 1367 1001 1426 sive
1022 1363 1101 1426 airis
1122 1365 1187 1426 siue

286 1466 384 1524 victus
408 1464 523 1524 ratione
544 1474 671 1537 mutata,
694 1463 758 1524 sive
779 1462 912 1524 violenta
935 1463 1074 1544 corporis
1091 1467 1186 1544 jecte-

287 1565 370 1626 tione
398 1564 534 1624 morbum
556 1585 655 1625 meum
675 1565 752 1624 adeo
775 1563 965 1638 exacerbavi,
994 1585 1112 1628 ontttom
1135 1587 1179 1630 vu·

287 1667 450 1726 latudinem
480 1664 628 1739 destruxi,
661 1674 694 1724 ut
720 1665 840 1724 domum
869 1664 964 1724 redux
991 1667 1020 1726 9.
1045 1666 1127 1746 Sept.
1156 1669 1185 1730 itt

286 1769 366 1828 huuc
388 1785 485 1846 usque
507 1767 600 1839 diem,
629 1765 680 1845 qui
703 1766 751 1826 18.
765 1765 886 1824 Januar.
910 1773 970 1836 est,
998 1765 1079 1828 vites
1101 1787 1186 1830 resu-

288 1887 371 1927 mere
396 1867 516 1926 minime
542 1868 637 1945 potis,
666 1878 717 1926 aut
744 1865 838 1926 sacris
864 1883 970 1924 vacare
999 1865 1105 1928 tnttttiis
1132 1885 1186 1947 pet·

289 1967 420 2026 natalitia
444 1968 580 2028 solennia
602 1968 717 2028 iuterim.
756 1967 900 2026 illiserunt
923 1966 1061 2044 proiecto
1084 1979 1127 2030 est
1149 1967 1187 2030 ab

289 2068 371 2129 omni
402 2069 620 2146 propemodum
652 2069 782 2130 humano
815 2067 996 2129 nutrimento
1027 2067 1187 2138 abstinere.

288 2170 452 2249 paucisque
474 2171 511 2228 de
533 2169 580 2229 die
602 2170 683 2232 horis
705 2171 762 2232 sibi
781 2179 810 2232 et
826 2168 979 2230 laboribus
1001 2169 1116 2244 vivere,
1138 2189 1187 2230 ce-

288 2282 353 2331 tera
368 2289 424 2348 per
439 2270 518 2329 dium
537 2289 592 2348 per
609 2278 790 2351 noctemque
812 2269 948 2344 cruciari,
970 2268 1137 2332 solitarium
1159 2279 1188 2334 et

289 2391 352 2431 non
374 2370 431 2430 nisi
445 2370 483 2429 ab
495 2370 741 2432 observatoribus
760 2379 887 2450 septum,
910 2369 992 2432 nulla
1013 2370 1077 2430 sive
1098 2369 1187 2432 uttimi

289 2473 326 2530 ab
348 2470 442 2530 amica
463 2473 694 2534 conversatione
714 2473 762 2533 vel
785 2472 930 2536 artificum
946 2471 1056 2552 operis
1079 2471 1189 2552 quibus

290 2591 357 2634 sum
384 2572 561 2645 innutritus
588 2573 773 2634 recreatione
802 2592 857 2632 neo
880 2571 968 2634 solite
990 2569 1059 2632 mibi
1081 2590 1187 2654 exspo-

289 2676 413 2736 tiotione
434 2671 558 2751 reliqua.
600 2673 699 2733 Fuere
720 2680 817 2734 tanuen
840 2671 909 2732 mibi
930 2671 1045 2754 aliquot
1066 2671 1189 2738 invisio·

289 2796 344 2837 nes
377 2784 406 2835 et
436 2772 621 2834 honorificae
652 2780 683 2833 et
708 2773 878 2850 jucundae,
911 2792 946 2834 ac
975 2773 1023 2836 vel
1054 2773 1189 2856 inprimis

289 2876 434 2958 principis
446 2872 679 2951 Antoniae²⁹⁶)
700 2873 866 2936 Wiirtemb.
889 2893 956 2936 oum
972 2875 1080 2938 comite
1095 2877 1189 2940 Stoli-

290 2977 394 3057 bergia
415 2983 444 3036 et
465 2975 560 3035 nobili
575 2975 727 3047 comitatu,
755 2975 804 3036 cui
820 2973 906 3036 etiam
922 2975 1122 3038 Widerboldii
1137 2975 1189 3038 tri-

290 3077 363 3138 buni
385 3095 464 3137 uxor
485 3076 619 3137 interluit
639 3078 669 3136 5.
679 3075 777 3145 Junii;
800 3075 895 3136 secuti
911 3076 1064 3140 Rubor-tus
1086 3095 1188 3140 comes

290 3175 492 3240 Maudevilius
531 3176 647 3255 Anglus
684 3196 751 3237 oum
784 3175 966 3256 Hieronymo
1005 3177 1187 3238 Heinbuiero

290 3278 476 3352 conductore
492 3276 645 3350 esconii,
668 3275 877 3354 Miinohiugius
899 3278 948 3340 11.
966 3261 1072 3352 startii',
1095 3276 1188 3338 Goel-

290 3378 387 3438 nizius
408 3377 511 3438 senior
531 3378 561 3436 2.
573 3377 661 3437 Mart.
680 3382 710 3436 et
726 3378 777 3436 27.
792 3376 871 3452 liluji,
894 3377 1107 3456 Flemmingius
1120 3377 1188 3438 Mo·
1249 3427 1255 3440 .

289 3479 357 3539 vius
378 3480 407 3538 t.
423 3477 521 3552 Junii,
544 3476 724 3538 Welwartus
747 3479 795 3538 13.
811 3478 905 3552 lunii,
929 3476 1115 3540 Croneccius
1137 3478 1187 3538 tt.

289 3579 386 3655 Junii,
407 3579 488 3639 Bork
512 3577 560 3639 17.
577 3579 713 3654 Octobr,
736 3578 865 3642 Goelniz
883 3579 988 3654 junior
1010 3579 1059 3647 28,
1077 3577 1186 3640 Octob.
