3025 4409
340 506 380 569 42
619 499 702 557 Liber
718 502 737 555 l.
774 498 958 558 thot-toti.

339 658 462 740 gratiam
489 659 565 721 redii
591 658 723 740 nihilque
752 658 896 739 temporis
922 658 993 720 mihi
1020 657 1099 720 elabi
1125 658 1240 721 frustra

337 780 446 841 passus
473 780 548 823 snm.
602 758 713 821 Addidi
740 760 829 821 etiam
858 767 979 841 praeter
1003 759 1092 821 Mart.
1113 760 1239 821 Lutheri

337 862 656 925 consummatissimam
688 860 869 940 theologiam
902 862 1024 923 Patrum
1058 860 1237 923 solidiorem

337 963 436 1027 cibum
473 965 600 1026 maxime
636 963 812 1043 Hieronymi
847 968 877 1025 et
908 962 1082 1043 Augustini,
1119 962 1238 1026 nullum

336 1068 400 1129 lere
430 1064 610 1127 nobiliorem
637 1065 893 1145 praetermittens,
929 1084 1018 1146 quem
1050 1084 1114 1126 non
1142 1066 1237 1145 degn-

336 1174 478 1243 stassem,
505 1186 579 1229 usus
606 1167 638 1228 in
665 1186 702 1229 eo
724 1167 841 1228 Erasini
862 1172 893 1228 et
911 1163 1100 1245 Hyperii⁸⁴)
1121 1166 1246 1228 indicio·

334 1276 424 1352 atque
448 1268 689 1333 manuductione,
738 1270 833 1330 Erant
861 1272 960 1329 antem
980 1267 1053 1328 mihi
1072 1286 1238 1348 propemo-

335 1370 406 1434 dum
428 1390 533 1432 omnes
554 1390 593 1433 ex
613 1370 795 1432 bibliotheca
814 1375 949 1450 paterna·
984 1368 1034 1430 Ne
1052 1389 1128 1431 vero
1150 1369 1238 1452 quic·

334 1492 424 1554 qnam
441 1478 570 1549 vacaret,
592 1472 709 1534 Wensii
728 1471 947 1553 provocatione
968 1478 998 1533 et
1018 1471 1162 1533 societate
1178 1472 1235 1534 ho-

334 1575 534 1656 rologiopaeo
561 1593 618 1636 nos
646 1575 782 1637 dedimus
810 1573 968 1654 magistro,
1002 1573 1052 1634 cni
1079 1572 1232 1637 Matthaeo

333 1678 452 1739 Loesch
473 1696 585 1739 nomen
605 1675 669 1752 latit,
691 1676 764 1738 artis
783 1695 856 1737 suae
873 1674 1066 1755 peritissimo,
1089 1674 1141 1756 qni
1156 1676 1235 1737 hanc

332 1777 534 1841 mechanicam
560 1778 736 1839 industriam
765 1778 931 1854 conferret,
964 1778 1052 1855 cnjus
1078 1796 1112 1838 se
1139 1779 1236 1840 Wen-

333 1881 397 1944 sins
427 1880 589 1943 admodum
624 1879 754 1965 docilem
786 1880 917 1945 reddidit
948 1898 1005 1943 nec
1038 1898 1088 1942 me
1121 1898 1235 1960 operae

331 1982 489 2065 poenituit.
673 2058 674 2061 Ἴ

374 2085 474 2167 Atque
503 2085 544 2145 ita
569 2085 628 2146 hoc
655 2085 793 2147 ultimum
819 2083 988 2145 studiorum
1008 2104 1146 2148 meorum
1167 2106 1234 2150 ses-

333 2186 507 2269 quiannium
541 2186 724 2265 insumptum
756 2185 829 2247 viris
858 2187 963 2276 juxta
977 2187 1165 2268 principibus
1203 2198 1234 2253 et

331 2287 490 2369 generosis
518 2306 554 2349 ac
581 2288 740 2350 autoritate
766 2288 935 2350 valentibus
970 2288 1042 2350 mihi
1070 2291 1234 2370 plurimum

331 2388 481 2471 propitiis,
504 2408 634 2468 quornm
654 2389 872 2454 intercessione
892 2397 1009 2453 motum
1029 2396 1234 2458 venerandum

331 2490 477 2572 principis
498 2490 557 2550 mei
585 2492 799 2555 consistorium
820 2495 934 2567 noluit,
960 2514 1009 2555 me
1030 2495 1141 2559 diutius
1162 2500 1233 2560 hae-

331 2612 400 2655 rere
422 2597 452 2653 et
473 2590 628 2653 obversari
645 2594 708 2671 jam
729 2596 816 2657 annis
837 2596 1030 2658 maturiorem
1048 2600 1233 2662 studiorum-

332 2713 391 2776 que
412 2712 579 2773 praecursu
607 2694 658 2773 iis,
687 2716 766 2778 quos
786 2698 880 2779 longo
902 2698 1061 2761 intervallo
1088 2710 1159 2781 post
1184 2723 1234 2765 me
1272 2735 1276 2743 ·

333 2816 487 2872 noveram,
501 2795 610 2883 quibus
627 2799 715 2861 etiam
730 2801 928 2879 praefueram,
948 2804 1091 2884 priorem,
1105 2805 1234 2866 maxime

331 2919 400 2963 cum
416 2896 573 2977 Belginum
593 2899 650 2961 iter
669 2902 707 2962 ad
728 2901 876 2965 illustrem
896 2903 981 2967 illum
1000 2907 1123 2968 heroem
1144 2906 1232 2969 Mau-

330 2999 431 3067 ritinm
444 2998 608 3063 Auraicum
625 3003 837 3067 conciliatione
849 3007 1067 3088 Onolspachini
1081 3008 1233 3071 Marchio-

330 3101 378 3169 nis
407 3102 545 3166 meditari
566 3102 779 3182 intellexisset,
810 3113 840 3169 et
859 3108 933 3169 nihil
957 3109 1018 3171 tale
1039 3111 1232 3192 cogitantem,

247 3218 248 3222 ’
331 3224 400 3271 cum
429 3204 639 3284 Vaihingensis
669 3206 815 3270 ecclesiae
843 3210 1020 3274 diaconatus
1045 3213 1116 3275 Joh.
1134 3212 1230 3275 lllrici

332 3306 634 3389 ‘lhummiiquondam
661 3310 874 3375 commilitonis
900 3314 1094 3394 promotione
1126 3334 1231 3379 vacas-

331 3418 392 3489 set,
419 3410 553 3486 vocavit,
582 3410 758 3491 audivit⁰⁵)
788 3421 818 3476 et
841 3414 912 3476 huic
939 3415 1062 3478 stationi
1086 3416 1232 3498 principis
1346 3436 1351 3445 ·

330 3512 490 3577 autoritate
511 3511 631 3574 immisit
651 3512 803 3597 finemque
830 3535 968 3579 errorum
987 3518 1144 3596 imponere
1164 3520 1231 3583 tan-

333 3614 387 3682 atis
410 3614 606 3697 compedibus
626 3614 730 3682 voluit.
776 3616 834 3680 Hic
854 3637 927 3699 ergo
949 3620 1028 3683 vitae
1047 3620 1230 3685 vicissitudi-
