3025 4409
327 501 401 555 Cura
419 515 578 572 pauperum.
609 497 780 552 concionum
798 511 867 551 sacr.
877 497 1081 552 delineationes.
1102 506 1160 565 1⁰7

267 677 493 732 succurrerem,
534 657 744 736 christophori
777 657 913 716 Viscberi
945 657 1160 735 explicationes

266 760 491 838 evangeliorum
512 766 542 818 et
563 757 758 836 epistolarum
777 757 997 819 dominicalium
1019 757 1159 836 pueriles,

265 879 393 940 quarum
414 877 501 920 usum
522 858 595 919 olim
616 859 698 920 domi
716 868 859 939 expertus
875 879 965 935 araon,
986 859 1090 920 recudi
1106 879 1159 920 cu-

265 960 329 1021 ravi
355 979 464 1040 magno
491 959 706 1039 exemplarium
732 979 859 1021 numero
887 959 917 1019 in
942 958 1046 1020 urbem
1067 959 1161 1020 intro·

265 1062 360 1121 ducto
371 1070 400 1122 et
414 1059 516 1122 vilion·
532 1060 693 1121 divendito.
721 1064 856 1137 Quarum
870 1062 907 1122 ad
922 1081 1057 1122 normam
1073 1061 1160 1122 etiam

264 1181 322 1241 per
340 1161 493 1222 biennium
513 1177 669 1222 sermones
689 1161 727 1221 ad
744 1161 891 1240 populum
906 1161 1040 1238 formavi,
1063 1163 1107 1224 sic
1126 1168 1161 1224 ut

266 1284 304 1325 ex
329 1261 440 1323 libellis
467 1263 530 1323 suis
556 1261 678 1322 domum
702 1263 833 1324 reversis
860 1271 998 1342 repetere
1018 1281 1161 1326 summam

266 1364 311 1424 rei
338 1372 368 1424 et
393 1363 543 1424 ruminare
569 1363 665 1424 cuivis
693 1363 723 1424 in
742 1364 870 1443 proclivi
898 1364 995 1426 luerit.
1038 1365 1160 1426 Aestate

266 1483 342 1525 vero
361 1465 576 1538 incalescente,
602 1464 709 1525 morbo
731 1484 770 1524 ex
791 1465 869 1526 aeris
890 1466 1065 1545 intemperie
1086 1485 1160 1528 oon-

266 1573 378 1641 tracto,
400 1572 568 1644 prostratus
588 1565 812 1646 aliquantisper,
835 1587 869 1626 ac
889 1575 959 1645 post
981 1569 1030 1628 lh.
1052 1568 1160 1628 sanita-

267 1668 305 1728 tis
324 1667 514 1729 continuatae
529 1685 625 1727 annos
646 1666 774 1745 primum
796 1667 926 1746 graviter
942 1665 1085 1742 decubui,
1108 1669 1161 1728 tri·

267 1787 343 1848 gore
369 1767 499 1829 molesto
525 1767 630 1828 subter
656 1767 788 1826 cranium
818 1775 847 1827 et
875 1766 1070 1828 articulorum
1091 1787 1161 1828 cru-

267 1871 347 1931 ciatu
365 1879 499 1931 vexatus.
532 1869 578 1929 Ex
599 1886 660 1949 quo
681 1867 898 1929 convalescens
919 1867 970 1927 vix
991 1885 1062 1929 sero
1082 1870 1161 1930 aeris

267 1971 498 2051 temperatioris,
524 1969 637 2032 nullius
662 1977 760 2031 tamen
790 1968 1008 2030 constrictioris
1034 1969 1160 2048 patiens,

267 2073 385 2135 munire
405 2080 494 2152 caput
514 2080 544 2132 et
563 2070 711 2132 cervicem
732 2069 785 2131 diu
805 2078 928 2130 coactus
949 2070 1000 2131 sui.
1045 2069 1109 2131 Sub
1131 2070 1162 2130 id

266 2174 411 2255 temporis
430 2174 499 2234 lob.
510 2171 627 2232 Walter
647 2172 754 2247 Scher,
776 2191 853 2252 puer
872 2171 983 2232 nobilis
1004 2189 1087 2232 meae
1108 2191 1161 2232 ou-

267 2296 319 2338 rae
339 2275 475 2350 traditus,
494 2279 566 2353 post
586 2272 742 2334 convictus
763 2293 873 2334 annum
895 2274 933 2334 ad
953 2279 1076 2333 matrem
1096 2271 1163 2347 (oui

268 2379 309 2440 ob
333 2373 384 2457 lidi
408 2375 555 2435 diversam
576 2374 752 2454 religionem
779 2385 900 2456 ereptus
922 2373 999 2450 erat)
1022 2371 1162 2434 Caesaris

268 2477 395 2558 imperio
415 2475 513 2536 rediit.
555 2477 622 2536 lloc
642 2476 729 2537 etiam
750 2497 830 2539 anno
851 2477 889 2538 ad
911 2495 967 2537 nos
989 2493 1027 2535 ex
1041 2471 1163 2536 hostria

269 2579 340 2641 exul
361 2576 487 2640 secessit
505 2577 580 2637 Lod.
596 2577 835 2638 Hohenielderus
857 2576 1078 2639 Weidenbolzii
1105 2577 1161 2636 do-

268 2682 382 2753 minus,
404 2679 466 2755 jam
486 2685 557 2737 ante
577 2697 595 2737 a
614 2695 663 2737 me
684 2679 851 2738 honorifice
872 2678 1050 2752 nominatus,
1074 2683 1104 2736 et
1125 2677 1167 2737 li·-

267 2780 376 2841 bertati
401 2780 577 2840 christianae
612 2778 751 2838 omnibus
777 2778 866 2839 bonis
895 2779 956 2839 suis
984 2777 1160 2858 posthabitis

269 2881 451 2942 domicilium
463 2879 618 2958 Esslingae
632 2878 705 2954 lixit,
727 2898 815 2958 quem
831 2878 1025 2941 solaminibus
1047 2887 1076 2940 et
1092 2879 1162 2941 ‘fidis

269 2981 424 3062 obsequiis
445 2983 570 3062 erigere,
591 2979 805 3040 beneficiorum
823 2997 938 3041 memor
950 2981 980 3041 in
996 2999 1102 3060 magna
1118 2981 1162 3040 se-

268 3085 387 3146 licitatis
420 3091 505 3163 parte
532 3082 604 3143 duxi
636 3090 665 3142 et
689 3101 752 3142 non
779 3079 925 3158 ingratam
956 3081 1014 3160 ipsi
1040 3099 1163 3160 operam

269 3207 363 3247 meam
384 3183 511 3245 testibus
534 3181 760 3262 elegantissimis
781 3181 884 3255 literis,
907 3201 1031 3262 quarum
1047 3183 1098 3242 ille
1113 3203 1161 3242 ar-

270 3288 342 3348 tilex
364 3286 491 3345 diversis
509 3285 547 3344 ad
565 3303 612 3343 me
632 3282 741 3362 linguis
760 3283 886 3345 subinde
907 3283 1002 3358 dabat,
1018 3281 1160 3342 intellexi.

271 3388 349 3449 Oum
376 3386 422 3446 his
448 3385 535 3446 etiarn
556 3383 642 3445 annis
669 3403 705 3444 ea
725 3392 806 3446 esset
826 3403 963 3446 annonae
984 3385 1107 3459 caritas,
1128 3392 1161 3444 ut

270 3489 382 3569 passim
402 3488 542 3548 cohortes
563 3505 624 3546 non
645 3485 936 3561 mendicabulorum,
964 3486 1018 3546 sed
1039 3483 1161 3544 familia-

272 3610 339 3651 rum
355 3589 432 3649 lame
455 3586 655 3666 expulsorum,
674 3595 735 3648 tum
755 3587 850 3665 patria
874 3586 1035 3648 extorrium
1059 3584 1162 3646 obam-
