3025 4409
269 501 473 557 Molliculorum
486 506 617 573 quomod.
626 506 733 560 incuria
743 506 821 560 urbis
834 503 976 560 calamitas
986 509 1073 560 aucte.
1099 513 1157 572 133

270 659 336 738 psi·¹
348 659 416 737 ⁴²),
437 663 508 722 hoec
527 669 586 723 est:
610 662 778 742 Appetente
793 661 886 723 cladis
901 668 1023 724 nostroe
1040 663 1157 724 lunesto

270 761 396 821 discum
409 761 466 822 elia
476 763 584 837 omnia,
597 768 660 822 tum
672 763 807 842 geminus
822 772 922 824 terror
932 763 1058 842 panicus
1070 781 1156 841 prae·
1189 751 1190 754 ¹

270 861 374 921 cessit:
395 861 446 922 ille
463 865 492 923 8.
511 862 695 942 Septembris
708 884 776 924 cum
788 884 826 925 ex
841 866 956 926 incerto
972 861 1156 925 advenientis

269 962 364 1024 hostis
380 983 502 1024 rumore
518 964 622 1024 civitas
640 964 736 1024 omnis
754 984 788 1026 se
800 966 896 1045 portis
913 962 1025 1036 erudis
1046 961 1094 1022 hic
1109 980 1157 1022 se-

270 1063 373 1141 quenti
391 1063 438 1122 die
456 1063 487 1123 iu
502 1064 596 1124 sacris
615 1063 738 1124 aedibus
751 1064 830 1126 inter
839 1066 974 1145 publicas
986 1082 1092 1143 preces
1108 1081 1157 1121 re-

269 1163 380 1240 petitus
399 1174 459 1237 est,
480 1163 532 1223 ubi
549 1164 597 1224 vel
614 1164 740 1225 effractis
755 1165 895 1228 fenestris
914 1165 1022 1228 concio
1040 1162 1158 1224 turbide

270 1262 392 1341 diffugit.
441 1263 527 1323 Unde
553 1271 587 1324 ut
605 1263 707 1324 liberis
727 1265 802 1326 meis
823 1287 972 1341 caverem,
999 1263 1157 1326 consilium

268 1363 336 1441 cepi
363 1382 418 1423 eos
444 1363 475 1423 in
502 1383 609 1443 pagum
635 1384 693 1424 uec
718 1365 805 1427 nimis
827 1367 978 1443 dissitum,
1005 1385 1062 1426 nec
1082 1365 1158 1426 adeo

268 1463 337 1523 urbi
361 1465 563 1545 propinquum
589 1465 784 1526 subducendi.
831 1467 931 1548 Atque
957 1467 998 1528 ita
1023 1464 1159 1527 Neowila

268 1563 377 1639 electa,
410 1565 497 1640 cujus
523 1571 628 1643 postor
655 1565 801 1629 ieremias
833 1568 987 1628 Rebstock
1016 1566 1159 1645 elegantis

268 1665 378 1744 ingenii
395 1671 425 1725 et
442 1685 481 1725 ex
497 1664 704 1726 selectioribus
719 1660 833 1727 amicus
848 1667 938 1727 fidem
953 1670 1070 1749 egregie
1086 1689 1159 1748 pro-

269 1764 357 1825 bavit
388 1766 514 1825 Decimo
525 1765 709 1844 Septembris
725 1785 842 1827 summo
864 1767 997 1829 diluculo
1018 1770 1160 1830 nuncium

269 1866 351 1925 veuit
371 1865 410 1925 de
429 1865 546 1944 direpte
560 1866 742 1944 Stuttgerdie
763 1873 794 1927 et
814 1866 1023 1928 ecclesiasticis
1044 1869 1085 1930 ibi
1104 1869 1158 1929 mi-

268 1967 392 2027 serrime
413 1965 532 2034 habitis;
555 1966 637 2046 quod
658 1966 714 2026 etsi
729 1987 848 2044 vanum,
870 1966 959 2028 saluti
974 1973 1072 2028 temen
1089 1967 1160 2028 milri

268 2068 332 2142 luit,
355 2069 406 2148 qui
426 2066 560 2126 noudum
581 2065 619 2125 de
640 2066 710 2145 iuge
723 2066 932 2146 cogitaveram,
953 2065 1029 2128 adeo
1049 2074 1081 2128 ut
1094 2086 1159 2128 cem

268 2169 343 2229 meis
370 2175 401 2228 et
423 2168 525 2228 amicis
551 2167 649 2226 modis
674 2167 813 2229 omuibus
838 2166 1042 2242 dissuaserim,
1077 2167 1159 2247 quod

267 2269 299 2328 in
320 2269 473 2330 dedititios
493 2276 523 2329 et
538 2267 691 2346 supplices
707 2267 847 2328 saevitiae
863 2267 964 2328 locum
976 2268 1056 2347 opud
1072 2267 1159 2329 Chri-

268 2370 384 2430 stianos
409 2390 478 2431 esse
507 2368 640 2429 noudum
667 2369 784 2429 scirem.
838 2368 941 2447 ltaque
961 2387 1009 2428 me
1029 2387 1160 2448 propere

268 2489 338 2530 cum
364 2489 462 2530 uxore
488 2469 592 2530 liberis
619 2469 759 2530 comitem
778 2468 924 2548 adjungo,
952 2468 1002 2529 cui
1026 2469 1158 2531 adhaesit

267 2571 421 2651 «losephus
442 2567 631 2630 Oesterlinus
650 2587 747 2647 nuper
767 2567 919 2630 Anhusani
944 2568 1083 2630 coenobii
1106 2569 1160 2630 eb·

269 2672 324 2732 bes
345 2672 471 2751 ejusque
492 2669 634 2745 conjumc
675 2668 799 2728 Erimus
820 2667 937 2730 modica
956 2674 1075 2730 caterve
1095 2689 1159 2730 ser-

269 2772 379 2833 ciuulis
398 2777 551 2849 utcunque
570 2767 719 2842 collectis,
740 2767 850 2846 quibus
871 2766 995 2828 terendo
1016 2787 1159 2846 essemus,

269 2892 351 2952 pone
371 2869 475 2931 relicte
495 2869 577 2929 omni
588 2866 805 2947 suppellectile,
827 2868 876 2930 cui
892 2867 1059 2930 haudvsuo
1073 2888 1159 2948 proe-

269 2974 354 3053 sogio
380 2970 519 3032 ultimum
542 2970 611 3030 vale
636 2967 773 3030 diximus.
821 2966 879 3028 Ubi
897 2966 1063 3030 Neowilsm
1087 2988 1160 3030 veu-

270 3081 348 3149 tum‚
376 3077 503 3132 evocato
523 3069 684 3130 Wilhelmo
706 3067 862 3130 ludovico
888 3067 1001 3130 berone
1027 3067 1160 3131 Franco-

270 3173 386 3235 moutio
407 3169 594 3250 Altensteigii
611 3167 860 3247 archiproel'ecto,
888 3167 926 3228 de
951 3166 1050 3246 effugii
1070 3169 1161 3232 retio-

269 3275 361 3335 uibos
394 3271 557 3332 sententias
588 3267 783 3344 contulimus,
818 3265 873 3328 sed
903 3287 972 3328 cum
1004 3267 1052 3330 vio
1080 3268 1162 3332 orella

271 3380 403 3454 peteret,
429 3369 600 3432 interclusis
624 3369 712 3430 etiem
730 3366 875 3446 augrmtiis
896 3373 926 3430 et
945 3367 1097 3444 cumeis,
1121 3366 1161 3428 ud

271 3479 434 3556 praerupte
453 3479 485 3534 et
503 3471 624 3534 deserte
641 3489 678 3532 oc
698 3467 916 3550 propeumdum
933 3468 1101 3532 homiuibus
1118 3466 1161 3530 iu·
