3025 4409
530 497 635 553 valcnt.
652 495 772 552 infausta
789 495 934 552 ominatur.
1131 506 1193 570 277

289 652 474 736 posteritatis
509 658 632 715 nostrae
659 654 829 718 cervicibus
858 653 1056 718 incumbentis
1084 655 1192 720 merito

289 755 486 834 concipimus
508 755 559 816 cui
579 774 616 814 ex
636 756 779 835 contagio
800 757 901 832 ferrei,
923 755 953 816 in
975 776 1037 836 quo
1052 756 1189 836 viximus,

289 857 384 920 seculi
411 855 489 935 triga
515 855 662 916 malorum
687 857 839 932 atheismi,
867 856 1015 919 barbariei
1044 864 1073 920 et
1094 860 1190 922 servi-

288 957 359 1020 tutis
380 955 582 1036 bipatentibus
604 956 700 1034 portis
722 958 904 1030 immittitur,
931 966 964 1020 ut
990 959 1081 1020 rebus
1103 961 1189 1040 quasi

287 1057 401 1137 pacatis
427 1063 457 1118 et
483 1057 628 1118 restitutis
647 1057 835 1122 interneciuo
866 1060 945 1122 bello
968 1079 1002 1120 se
1024 1059 1188 1122 involutam

286 1165 317 1220 et
344 1157 490 1238 religione
515 1160 604 1236 juxta
630 1160 815 1241 regioneque
841 1161 1011 1222 destitutam
1037 1159 1123 1220 brevi
1149 1160 1188 1222 sit

286 1259 397 1334 visura,
418 1258 538 1320 immani
552 1259 628 1320 luxu
640 1259 742 1321 intima
755 1260 873 1322 viscera
891 1262 1080 1341 depascente.
1112 1260 1186 1322 lude

286 1367 345 1422 tam
366 1358 469 1422 faciles
490 1358 598 1420 illustr.
619 1379 818 1439 personarum
834 1361 1019 1442 crebraeque
1033 1361 1071 1420 ad
1085 1360 1184 1440 Baby-

284 1459 386 1520 lonem
401 1458 685 1536 detectiones³⁰⁴),
705 1459 931 1540 intempestivae
950 1460 1076 1524 acerbae
1099 1462 1184 1523 theo-

285 1559 426 1639 logorum
459 1559 542 1620 rixae
573 1558 772 1641 curiosaeque
799 1561 1003 1636 velitationes,
1036 1561 1183 1622 machina-

285 1661 385 1723 tiones
405 1681 462 1740 prc
488 1659 652 1722 asserenda
682 1661 854 1739 tyrannide,
887 1661 968 1722 unde
995 1662 1123 1724 ecclesia
1152 1663 1183 1724 in

284 1761 412 1824 vinculis
443 1763 570 1842 ejusque
603 1761 684 1822 bona
709 1761 766 1822 sub
793 1762 891 1834 hasta,
923 1761 1037 1840 patriae
1065 1764 1183 1824 moenia

284 1863 415 1942 dejecta,
442 1883 569 1942 aggeres
594 1861 726 1942 perfossi
751 1861 976 1942 sepimentaque
997 1868 1100 1940 rupta,
1129 1883 1181 1926 aes

205 2003 209 2008 -
282 1964 409 2026 immane
440 1963 570 2025 alienum
607 1961 774 2042 superioris
806 1962 901 2024 seculi
935 1961 1074 2040 improbo
1105 1961 1181 2026 luxu

282 2072 467 2126 contractum
492 2065 522 2126 in
551 2065 666 2126 accisas
692 2071 723 2126 et
747 2069 853 2126 exutas
874 2069 1018 2142 nepotum
1038 2061 1180 2143 reliquias

281 2165 473 2240 devolutum,
501 2165 586 2244 leges
605 2164 747 2226 militares
781 2163 987 2244 formulaeque
1014 2163 1180 2226 sorensium

281 2266 362 2338 loco,
391 2272 422 2326 et
442 2266 616 2327 exactiones
638 2267 736 2341 dirae,
765 2271 827 2326 tum
860 2283 970 2326 usurae
992 2263 1178 2326 execrabiles

280 2374 370 2447 atque
390 2365 622 2427 nundinationes
644 2365 875 2428 nocentissimae
900 2363 997 2445 palam
1018 2363 1177 2440 immissae,

282 2474 316 2527 ut
337 2467 398 2542 jam
426 2467 464 2526 de
493 2467 637 2546 religione
663 2472 767 2528 nostra
789 2465 961 2546 evangelica
982 2463 1045 2525 sive
1066 2465 1176 2526 Lutbe-

281 2585 354 2626 rana
375 2566 446 2645 quid
468 2567 617 2641 dicamus,
639 2566 688 2626 vel
708 2566 811 2645 potius
832 2587 894 2628 non
916 2567 1021 2640 dicam,
1042 2565 1176 2626 invenire

281 2685 343 2728 non
369 2665 408 2725 sit
434 2666 535 2743 facile,
560 2669 647 2745 cujus
672 2667 789 2728 theoria
815 2667 937 2748 quidem
961 2665 1175 2745 limpidissima,

279 2766 381 2848 praxis
412 2785 486 2828 vero
516 2766 748 2837 lutulentissima
782 2775 841 2842 est,
875 2765 1012 2828 doctrina
1044 2768 1173 2848 integer-

279 2869 367 2943 rima,
393 2867 454 2929 vita
479 2867 714 2947 corruptissima.
755 2866 927 2945 Praeceptis
953 2885 1015 2928 non
1041 2867 1099 2928 alia
1126 2889 1173 2930 re-

278 2969 369 3044 ctior,
396 2988 456 3029 usu
475 2967 645 3043 distortior,
666 2967 808 3028 institutis
828 2966 1033 3043 innocentior,
1056 2968 1172 3033 delictis

278 3069 442 3148 culpatior,
477 3067 561 3128 nulla
583 3071 682 3130 lcrma
707 3069 886 3148 elegantior,
911 3069 981 3131 tritu
1003 3087 1100 3148 aeque
1121 3089 1171 3130 ru-

278 3189 368 3248 gosa,
387 3167 506 3248 legibus
526 3177 625 3230 comta
638 3169 746 3248 magis,
767 3169 985 3230 consuetudine
999 3189 1094 3250 aeque
1108 3191 1171 3230 rna-

278 3269 385 3345 culata,
406 3267 518 3348 regulis
540 3277 586 3330 est
607 3269 731 3330 maxime
753 3269 864 3346 stricta,
886 3269 1070 3351 indulgentia
1084 3270 1170 3332 nimis

276 3369 418 3448 liberalis.
466 3369 574 3431 Verbis
596 3389 682 3431 sacra
702 3370 834 3447 confert,
861 3370 957 3452 iisque
977 3371 1105 3431 abstinet
1123 3391 1170 3432 re-

276 3469 400 3550 ligiose,
431 3489 525 3548 opere
551 3490 587 3531 ea
614 3469 725 3548 aufert,
758 3470 854 3552 iisque
875 3471 989 3532 involat
1015 3469 1169 3550 sacrilege,

277 3569 527 3650 compositissima
561 3571 708 3648 omnium,
742 3570 959 3648 laudatissima,
1001 3571 1168 3639 dissolutis-
