<?xml version="1.0" encoding="UTF-8"?>
<!DOCTYPE html PUBLIC "-//W3C//DTD XHTML 1.0 Transitional//EN"
    "http://www.w3.org/TR/xhtml1/DTD/xhtml1-transitional.dtd">
<html xmlns="http://www.w3.org/1999/xhtml" xml:lang="en" lang="en">
 <head>
  <title>
</title>
<meta http-equiv="Content-Type" content="text/html;charset=utf-8" />
  <meta name='ocr-system' content='tesseract 3.04.00' />
  <meta name='ocr-capabilities' content='ocr_page ocr_carea ocr_par ocr_line ocrx_word'/>
</head>
<body>
  <div class='ocr_page' id='page_1' title='image "./ioannisvalentin00andrgoog_0099.png"; bbox 0 0 3025 4409; ppageno 0'>
   <div class='ocr_carea' id='block_1_1' title="bbox 774 471 2347 541">
    <p class='ocr_par' dir='ltr' id='par_1_1' title="bbox 774 471 2347 541">
     <span class='ocr_line' id='line_1_1' title="bbox 774 471 2347 541; baseline 0.001 -17"><span class='ocrx_word' id='word_1_1' title='bbox 774 475 885 526; x_wconf 84' lang='lat' dir='ltr'>lter</span> <span class='ocrx_word' id='word_1_2' title='bbox 922 473 1279 527; x_wconf 75' lang='lat' dir='ltr'>Austriacum.</span> <span class='ocrx_word' id='word_1_3' title='bbox 1349 471 1703 527; x_wconf 80' lang='lat' dir='ltr'>Polheimius.</span> <span class='ocrx_word' id='word_1_4' title='bbox 1777 473 2121 526; x_wconf 86' lang='lat' dir='ltr'>Geimannus.</span> <span class='ocrx_word' id='word_1_5' title='bbox 2266 482 2347 541; x_wconf 77' lang='lat'>89</span> 
     </span>
    </p>
   </div>
   <div class='ocr_carea' id='block_1_2' title="bbox 507 629 2412 3426">
    <p class='ocr_par' dir='ltr' id='par_1_2' title="bbox 543 629 2346 1615">
     <span class='ocr_line' id='line_1_2' title="bbox 559 629 2344 711; baseline 0 -21"><span class='ocrx_word' id='word_1_6' title='bbox 559 632 635 691; x_wconf 93' lang='lat' dir='ltr'>ob</span> <span class='ocrx_word' id='word_1_7' title='bbox 691 632 1095 711; x_wconf 79' lang='lat' dir='ltr'><strong>praegrandes</strong></span> <span class='ocrx_word' id='word_1_8' title='bbox 1151 629 1504 690; x_wconf 79' lang='lat' dir='ltr'><strong>Germaniae</strong></span> <span class='ocrx_word' id='word_1_9' title='bbox 1564 638 1789 704; x_wconf 75' lang='lat' dir='ltr'>motUS,</span> <span class='ocrx_word' id='word_1_10' title='bbox 1854 631 1955 709; x_wconf 91' lang='lat' dir='ltr'>qui</span> <span class='ocrx_word' id='word_1_11' title='bbox 2008 630 2344 709; x_wconf 77' lang='lat' dir='ltr'>principum</span> 
     </span>
     <span class='ocr_line' id='line_1_3' title="bbox 556 730 2345 810; baseline -0.001 -18"><span class='ocrx_word' id='word_1_12' title='bbox 556 732 788 792; x_wconf 87' lang='lat' dir='ltr'>animos</span> <span class='ocrx_word' id='word_1_13' title='bbox 842 751 878 791; x_wconf 91' lang='lat' dir='ltr'>a</span> <span class='ocrx_word' id='word_1_14' title='bbox 928 731 1234 810; x_wconf 82' lang='lat' dir='ltr'>religionis</span> <span class='ocrx_word' id='word_1_15' title='bbox 1289 752 1434 792; x_wconf 91' lang='lat' dir='ltr'>cura</span> <span class='ocrx_word' id='word_1_16' title='bbox 1487 732 1564 790; x_wconf 86' lang='lat' dir='ltr'>ad</span> <span class='ocrx_word' id='word_1_17' title='bbox 1615 739 1905 791; x_wconf 80' lang='lat' dir='ltr'>terrarum</span> <span class='ocrx_word' id='word_1_18' title='bbox 1962 730 2345 791; x_wconf 86' lang='lat' dir='ltr'>defensiones</span> 
     </span>
     <span class='ocr_line' id='line_1_4' title="bbox 555 829 2346 911; baseline -0.001 -18"><span class='ocrx_word' id='word_1_19' title='bbox 555 851 812 901; x_wconf 85' lang='lat' dir='ltr'>avocare</span> <span class='ocrx_word' id='word_1_20' title='bbox 853 831 1192 911; x_wconf 77' lang='lat' dir='ltr'>possint*).</span> <span class='ocrx_word' id='word_1_21' title='bbox 1279 833 1401 892; x_wconf 91' lang='lat' dir='ltr'>Sed</span> <span class='ocrx_word' id='word_1_22' title='bbox 1445 850 1767 910; x_wconf 87' lang='lat' dir='ltr'>superesse</span> <span class='ocrx_word' id='word_1_23' title='bbox 1810 832 1911 911; x_wconf 87' lang='lat' dir='ltr'>qui</span> <span class='ocrx_word' id='word_1_24' title='bbox 1954 829 2159 907; x_wconf 88' lang='lat' dir='ltr'>vigilet</span> <span class='ocrx_word' id='word_1_25' title='bbox 2199 832 2346 892; x_wconf 92' lang='lat' dir='ltr'>tanti</span> 
     </span>
     <span class='ocr_line' id='line_1_5' title="bbox 543 931 2344 1007; baseline -0.001 -15"><span class='ocrx_word' id='word_1_26' title='bbox 543 934 666 1007; x_wconf 85' lang='lat' dir='ltr'>jam</span> <span class='ocrx_word' id='word_1_27' title='bbox 726 932 867 992; x_wconf 90' lang='lat' dir='ltr'>olim</span> <span class='ocrx_word' id='word_1_28' title='bbox 931 932 992 992; x_wconf 90' lang='lat' dir='ltr'>in</span> <span class='ocrx_word' id='word_1_29' title='bbox 1046 933 1332 993; x_wconf 91' lang='lat' dir='ltr'>ecclesias</span> <span class='ocrx_word' id='word_1_30' title='bbox 1390 932 1584 993; x_wconf 89' lang='lat' dir='ltr'>varias</span> <span class='ocrx_word' id='word_1_31' title='bbox 1637 932 1831 992; x_wconf 90' lang='lat' dir='ltr'>meriti</span> <span class='ocrx_word' id='word_1_32' title='bbox 1891 951 1961 991; x_wconf 89' lang='lat' dir='ltr'>ac</span> <span class='ocrx_word' id='word_1_33' title='bbox 2014 931 2344 991; x_wconf 88' lang='lat' dir='ltr'>haeredita-</span> 
     </span>
     <span class='ocr_line' id='line_1_6' title="bbox 553 1030 2339 1110; baseline 0 -19"><span class='ocrx_word' id='word_1_34' title='bbox 553 1034 675 1093; x_wconf 87' lang='lat' dir='ltr'>riae</span> <span class='ocrx_word' id='word_1_35' title='bbox 732 1034 1158 1094; x_wconf 85' lang='lat' dir='ltr'>beneficentiae</span> <span class='ocrx_word' id='word_1_36' title='bbox 1214 1035 1488 1107; x_wconf 85' lang='lat' dir='ltr'>heroem,</span> <span class='ocrx_word' id='word_1_37' title='bbox 1544 1032 1603 1092; x_wconf 91' lang='lat' dir='ltr'>id</span> <span class='ocrx_word' id='word_1_38' title='bbox 1658 1052 1779 1093; x_wconf 90' lang='lat' dir='ltr'>non</span> <span class='ocrx_word' id='word_1_39' title='bbox 1834 1031 1947 1092; x_wconf 91' lang='lat' dir='ltr'>nisi</span> <span class='ocrx_word' id='word_1_40' title='bbox 2002 1030 2339 1110; x_wconf 90' lang='lat' dir='ltr'>gratissimo</span> 
     </span>
     <span class='ocr_line' id='line_1_7' title="bbox 551 1131 2339 1213; baseline -0.001 -19"><span class='ocrx_word' id='word_1_41' title='bbox 551 1154 694 1213; x_wconf 88' lang='lat' dir='ltr'>erga</span> <span class='ocrx_word' id='word_1_42' title='bbox 733 1136 926 1194; x_wconf 92' lang='lat' dir='ltr'>Deum</span> <span class='ocrx_word' id='word_1_43' title='bbox 971 1134 1169 1193; x_wconf 90' lang='lat' dir='ltr'>animo</span> <span class='ocrx_word' id='word_1_44' title='bbox 1212 1132 1661 1212; x_wconf 89' lang='lat' dir='ltr'>agnoscendum</span> <span class='ocrx_word' id='word_1_45' title='bbox 1704 1152 1857 1193; x_wconf 87' lang='lat' dir='ltr'>esse.</span> <span class='ocrx_word' id='word_1_46' title='bbox 1934 1131 2125 1193; x_wconf 89' lang='lat' dir='ltr'>Simul</span> <span class='ocrx_word' id='word_1_47' title='bbox 2168 1132 2339 1192; x_wconf 89' lang='lat' dir='ltr'>etiam</span> 
     </span>
     <span class='ocr_line' id='line_1_8' title="bbox 550 1233 2341 1313; baseline -0.001 -19"><span class='ocrx_word' id='word_1_48' title='bbox 550 1234 868 1308; x_wconf 82' lang='lat' dir='ltr'>offerebat,</span> <span class='ocrx_word' id='word_1_49' title='bbox 929 1254 1083 1312; x_wconf 91' lang='lat' dir='ltr'>quae</span> <span class='ocrx_word' id='word_1_50' title='bbox 1135 1234 1274 1293; x_wconf 89' lang='lat' dir='ltr'>hinc</span> <span class='ocrx_word' id='word_1_51' title='bbox 1331 1233 1470 1311; x_wconf 84' lang='lat' dir='ltr'>inde</span> <span class='ocrx_word' id='word_1_52' title='bbox 1525 1234 1679 1293; x_wconf 89' lang='lat' dir='ltr'>inter</span> <span class='ocrx_word' id='word_1_53' title='bbox 1738 1241 1937 1311; x_wconf 86' lang='lat' dir='ltr'>partes</span> <span class='ocrx_word' id='word_1_54' title='bbox 2000 1244 2341 1313; x_wconf 81' lang='lat' dir='ltr'>agerentur,</span> 
     </span>
     <span class='ocr_line' id='line_1_9' title="bbox 549 1334 2340 1415; baseline 0.001 -21"><span class='ocrx_word' id='word_1_55' title='bbox 549 1356 683 1395; x_wconf 89' lang='lat' dir='ltr'>cum</span> <span class='ocrx_word' id='word_1_56' title='bbox 722 1335 814 1397; x_wconf 85' lang='lat' dir='ltr'>ill.</span> <span class='ocrx_word' id='word_1_57' title='bbox 843 1334 1114 1415; x_wconf 87' lang='lat' dir='ltr'>principe</span> <span class='ocrx_word' id='word_1_58' title='bbox 1159 1334 1619 1408; x_wconf 88' lang='lat' dir='ltr'>communicare,</span> <span class='ocrx_word' id='word_1_59' title='bbox 1665 1334 1772 1394; x_wconf 89' lang='lat' dir='ltr'>sed</span> <span class='ocrx_word' id='word_1_60' title='bbox 1816 1334 1982 1414; x_wconf 92' lang='lat' dir='ltr'>quod</span> <span class='ocrx_word' id='word_1_61' title='bbox 2024 1342 2238 1413; x_wconf 88' lang='lat' dir='ltr'>postea</span> <span class='ocrx_word' id='word_1_62' title='bbox 2280 1336 2340 1395; x_wconf 88' lang='lat' dir='ltr'>in</span> 
     </span>
     <span class='ocr_line' id='line_1_10' title="bbox 549 1433 2342 1514; baseline 0.001 -19"><span class='ocrx_word' id='word_1_63' title='bbox 549 1436 648 1496; x_wconf 88' lang='lat' dir='ltr'>dn.</span> <span class='ocrx_word' id='word_1_64' title='bbox 691 1436 1032 1496; x_wconf 80' lang='lat' dir='ltr'>Zachariam</span> <span class='ocrx_word' id='word_1_65' title='bbox 1089 1436 1384 1514; x_wconf 84' lang='lat' dir='ltr'>Langjahr</span> <span class='ocrx_word' id='word_1_66' title='bbox 1438 1435 1714 1494; x_wconf 87' lang='lat' dir='ltr'>ordinum</span> <span class='ocrx_word' id='word_1_67' title='bbox 1770 1433 1846 1493; x_wconf 92' lang='lat' dir='ltr'>ad</span> <span class='ocrx_word' id='word_1_68' title='bbox 1888 1434 2019 1496; x_wconf 87' lang='lat' dir='ltr'>Prr.</span> <span class='ocrx_word' id='word_1_69' title='bbox 2048 1435 2342 1497; x_wconf 86' lang='lat' dir='ltr'>Noriber-</span> 
     </span>
     <span class='ocr_line' id='line_1_11' title="bbox 550 1537 1849 1615; baseline 0 -20"><span class='ocrx_word' id='word_1_70' title='bbox 550 1556 659 1614; x_wconf 87' lang='lat' dir='ltr'>gae</span> <span class='ocrx_word' id='word_1_71' title='bbox 703 1538 1065 1611; x_wconf 85' lang='lat' dir='ltr'>conjunctos</span> <span class='ocrx_word' id='word_1_72' title='bbox 1107 1537 1365 1615; x_wconf 90' lang='lat' dir='ltr'>legatum</span> <span class='ocrx_word' id='word_1_73' title='bbox 1409 1537 1695 1609; x_wconf 82' lang='lat' dir='ltr'>rejectum</span> <span class='ocrx_word' id='word_1_74' title='bbox 1742 1542 1849 1595; x_wconf 87' lang='lat' dir='ltr'>est.</span> 
     </span>
    </p>

    <p class='ocr_par' dir='ltr' id='par_1_3' title="bbox 507 1635 2343 2822">
     <span class='ocr_line' id='line_1_12' title="bbox 632 1635 2343 1715; baseline 0.001 -19"><span class='ocrx_word' id='word_1_75' title='bbox 632 1637 878 1697; x_wconf 82' lang='lat' dir='ltr'>Interim</span> <span class='ocrx_word' id='word_1_76' title='bbox 906 1637 1078 1697; x_wconf 85' lang='lat' dir='ltr'>etiam</span> <span class='ocrx_word' id='word_1_77' title='bbox 1099 1637 1240 1697; x_wconf 91' lang='lat' dir='ltr'>mihi</span> <span class='ocrx_word' id='word_1_78' title='bbox 1261 1656 1295 1695; x_wconf 93' lang='lat' dir='ltr'>a</span> <span class='ocrx_word' id='word_1_79' title='bbox 1325 1635 1563 1696; x_wconf 87' lang='lat' dir='ltr'>solicito</span> <span class='ocrx_word' id='word_1_80' title='bbox 1595 1644 1653 1695; x_wconf 90' lang='lat' dir='ltr'>et</span> <span class='ocrx_word' id='word_1_81' title='bbox 1682 1635 2067 1715; x_wconf 88' lang='lat' dir='ltr'>sagacissimo</span> <span class='ocrx_word' id='word_1_82' title='bbox 2092 1638 2190 1698; x_wconf 89' lang='lat' dir='ltr'>dn.</span> <span class='ocrx_word' id='word_1_83' title='bbox 2214 1639 2343 1698; x_wconf 87' lang='lat' dir='ltr'>Ho-</span> 
     </span>
     <span class='ocr_line' id='line_1_13' title="bbox 551 1736 2342 1813; baseline 0.002 -18"><span class='ocrx_word' id='word_1_84' title='bbox 551 1737 897 1798; x_wconf 80' lang='lat' dir='ltr'>henfeldero</span> <span class='ocrx_word' id='word_1_85' title='bbox 941 1736 1293 1797; x_wconf 88' lang='lat' dir='ltr'>conciliatus</span> <span class='ocrx_word' id='word_1_86' title='bbox 1335 1744 1462 1795; x_wconf 91' lang='lat' dir='ltr'>erat</span> <span class='ocrx_word' id='word_1_87' title='bbox 1502 1754 1838 1813; x_wconf 88' lang='lat' dir='ltr'>generosus</span> <span class='ocrx_word' id='word_1_88' title='bbox 1896 1736 1995 1797; x_wconf 91' lang='lat' dir='ltr'>dn.</span> <span class='ocrx_word' id='word_1_89' title='bbox 2031 1737 2342 1799; x_wconf 87' lang='lat' dir='ltr'>Weickar-</span> 
     </span>
     <span class='ocr_line' id='line_1_14' title="bbox 551 1835 2337 1911; baseline 0.002 -15"><span class='ocrx_word' id='word_1_90' title='bbox 551 1836 662 1897; x_wconf 90' lang='lat' dir='ltr'>dus</span> <span class='ocrx_word' id='word_1_91' title='bbox 691 1837 840 1897; x_wconf 91' lang='lat' dir='ltr'>baro</span> <span class='ocrx_word' id='word_1_92' title='bbox 868 1835 1263 1897; x_wconf 81' lang='lat' dir='ltr'>Polheimius⁸</span> <span class='ocrx_word' id='word_1_93' title='bbox 1282 1836 1342 1911; x_wconf 78' lang='lat'>⁶)</span> <span class='ocrx_word' id='word_1_94' title='bbox 1373 1835 1669 1895; x_wconf 87' lang='lat' dir='ltr'>variarum</span> <span class='ocrx_word' id='word_1_95' title='bbox 1711 1856 1913 1897; x_wconf 91' lang='lat' dir='ltr'>rerum</span> <span class='ocrx_word' id='word_1_96' title='bbox 1942 1857 2056 1897; x_wconf 91' lang='lat' dir='ltr'>usu</span> <span class='ocrx_word' id='word_1_97' title='bbox 2086 1836 2337 1900; x_wconf 87' lang='lat' dir='ltr'>illustris</span> 
     </span>
     <span class='ocr_line' id='line_1_15' title="bbox 546 1936 2337 2013; baseline 0.001 -16"><span class='ocrx_word' id='word_1_98' title='bbox 546 1957 617 1997; x_wconf 88' lang='lat' dir='ltr'>ac</span> <span class='ocrx_word' id='word_1_99' title='bbox 636 1938 761 2013; x_wconf 87' lang='lat' dir='ltr'>jam</span> <span class='ocrx_word' id='word_1_100' title='bbox 793 1937 1124 1998; x_wconf 87' lang='lat' dir='ltr'>honorifica</span> <span class='ocrx_word' id='word_1_101' title='bbox 1138 1938 1229 1997; x_wconf 67' lang='lat' dir='ltr'>=ad</span> <span class='ocrx_word' id='word_1_102' title='bbox 1261 1936 2028 1998; x_wconf 86' lang='lat' dir='ltr'>serenissimumAlbertum</span> <span class='ocrx_word' id='word_1_103' title='bbox 2057 1938 2337 2000; x_wconf 81' lang='lat' dir='ltr'>Austriae</span> 
     </span>
     <span class='ocr_line' id='line_1_16' title="bbox 546 2036 2338 2116; baseline 0.001 -19"><span class='ocrx_word' id='word_1_104' title='bbox 546 2037 924 2099; x_wconf 86' lang='lat' dir='ltr'>archiducem</span> <span class='ocrx_word' id='word_1_105' title='bbox 965 2038 1264 2116; x_wconf 86' lang='lat' dir='ltr'>legatione</span> <span class='ocrx_word' id='word_1_106' title='bbox 1311 2038 1682 2116; x_wconf 62' lang='lat' dir='ltr'>perfunctus</span> <span class='ocrx_word' id='word_1_107' title='bbox 1757 2036 1907 2097; x_wconf 87' lang='lat' dir='ltr'>Huic</span> <span class='ocrx_word' id='word_1_108' title='bbox 1945 2038 2136 2097; x_wconf 87' lang='lat' dir='ltr'>visum</span> <span class='ocrx_word' id='word_1_109' title='bbox 2165 2038 2338 2098; x_wconf 84' lang='lat' dir='ltr'>etiam</span> 
     </span>
     <span class='ocr_line' id='line_1_17' title="bbox 547 2137 2338 2219; baseline 0 -21"><span class='ocrx_word' id='word_1_110' title='bbox 547 2139 646 2198; x_wconf 87' lang='lat' dir='ltr'>dn.</span> <span class='ocrx_word' id='word_1_111' title='bbox 671 2137 1003 2199; x_wconf 89' lang='lat' dir='ltr'>Hitzlerum</span> <span class='ocrx_word' id='word_1_112' title='bbox 1032 2158 1264 2198; x_wconf 85' lang='lat' dir='ltr'>mecum</span> <span class='ocrx_word' id='word_1_113' title='bbox 1293 2158 1513 2199; x_wconf 85' lang='lat' dir='ltr'>vocare</span> <span class='ocrx_word' id='word_1_114' title='bbox 1544 2143 1723 2219; x_wconf 73' lang='lat' dir='ltr'>atque</span> <span class='ocrx_word' id='word_1_115' title='bbox 1752 2137 1926 2199; x_wconf 90' lang='lat' dir='ltr'>simul</span> <span class='ocrx_word' id='word_1_116' title='bbox 1958 2137 2181 2199; x_wconf 87' lang='lat' dir='ltr'>nostris</span> <span class='ocrx_word' id='word_1_117' title='bbox 2211 2139 2338 2198; x_wconf 90' lang='lat' dir='ltr'>col-</span> 
     </span>
     <span class='ocr_line' id='line_1_18' title="bbox 507 2238 2340 2319; baseline 0.002 -23"><span class='ocrx_word' id='word_1_118' title='bbox 507 2238 770 2319; x_wconf 86' lang='lat' dir='ltr'>.loquiis</span> <span class='ocrx_word' id='word_1_119' title='bbox 814 2257 1176 2317; x_wconf 89' lang='lat' dir='ltr'>generosum</span> <span class='ocrx_word' id='word_1_120' title='bbox 1229 2239 1327 2300; x_wconf 90' lang='lat' dir='ltr'>dn.</span> <span class='ocrx_word' id='word_1_121' title='bbox 1372 2239 1610 2299; x_wconf 86' lang='lat' dir='ltr'>fratrem</span> <span class='ocrx_word' id='word_1_122' title='bbox 1657 2239 1984 2318; x_wconf 86' lang='lat' dir='ltr'>Georgium</span> <span class='ocrx_word' id='word_1_123' title='bbox 2027 2239 2340 2300; x_wconf 86' lang='lat' dir='ltr'>Achatium</span> 
     </span>
     <span class='ocr_line' id='line_1_19' title="bbox 545 2335 2337 2421; baseline 0.001 -21"><span class='ocrx_word' id='word_1_124' title='bbox 545 2335 954 2421; x_wconf 61' lang='lat' dir='ltr'>adhiberelmfl,</span> <span class='ocrx_word' id='word_1_125' title='bbox 983 2340 1087 2401; x_wconf 90' lang='lat' dir='ltr'>ubi</span> <span class='ocrx_word' id='word_1_126' title='bbox 1119 2359 1211 2399; x_wconf 91' lang='lat' dir='ltr'>me</span> <span class='ocrx_word' id='word_1_127' title='bbox 1239 2338 1545 2419; x_wconf 90' lang='lat' dir='ltr'>aliquanto</span> <span class='ocrx_word' id='word_1_128' title='bbox 1576 2340 1872 2418; x_wconf 84' lang='lat' dir='ltr'>prolixius</span> <span class='ocrx_word' id='word_1_129' title='bbox 1903 2340 2163 2419; x_wconf 83' lang='lat' dir='ltr'>explicui</span> <span class='ocrx_word' id='word_1_130' title='bbox 2196 2342 2337 2401; x_wconf 88' lang='lat' dir='ltr'>viri-</span> 
     </span>
     <span class='ocr_line' id='line_1_20' title="bbox 548 2440 2335 2521; baseline 0.002 -21"><span class='ocrx_word' id='word_1_131' title='bbox 548 2461 665 2521; x_wconf 89' lang='lat' dir='ltr'>que</span> <span class='ocrx_word' id='word_1_132' title='bbox 707 2449 1021 2519; x_wconf 86' lang='lat' dir='ltr'>tantopere</span> <span class='ocrx_word' id='word_1_133' title='bbox 1068 2440 1299 2519; x_wconf 88' lang='lat' dir='ltr'>experti</span> <span class='ocrx_word' id='word_1_134' title='bbox 1341 2440 1658 2500; x_wconf 88' lang='lat' dir='ltr'>consilinm</span> <span class='ocrx_word' id='word_1_135' title='bbox 1700 2440 1977 2519; x_wconf 86' lang='lat' dir='ltr'>expetivi.</span> <span class='ocrx_word' id='word_1_136' title='bbox 2063 2442 2335 2521; x_wconf 88' lang='lat' dir='ltr'>Longum</span> 
     </span>
     <span class='ocr_line' id='line_1_21' title="bbox 549 2539 2336 2620; baseline 0.002 -19"><span class='ocrx_word' id='word_1_137' title='bbox 549 2550 708 2603; x_wconf 88' lang='lat' dir='ltr'>esset</span> <span class='ocrx_word' id='word_1_138' title='bbox 737 2542 1007 2615; x_wconf 90' lang='lat' dir='ltr'>recitare,</span> <span class='ocrx_word' id='word_1_139' title='bbox 1043 2559 1218 2620; x_wconf 91' lang='lat' dir='ltr'>quam</span> <span class='ocrx_word' id='word_1_140' title='bbox 1247 2539 1329 2602; x_wconf 86' lang='lat' dir='ltr'>ill.</span> <span class='ocrx_word' id='word_1_141' title='bbox 1359 2540 1647 2619; x_wconf 87' lang='lat' dir='ltr'>principis</span> <span class='ocrx_word' id='word_1_142' title='bbox 1677 2541 1735 2601; x_wconf 89' lang='lat' dir='ltr'>in</span> <span class='ocrx_word' id='word_1_143' title='bbox 1766 2541 2111 2606; x_wconf 85' lang='lat' dir='ltr'>afflictiores</span> <span class='ocrx_word' id='word_1_144' title='bbox 2142 2545 2336 2605; x_wconf 90' lang='lat' dir='ltr'>eccle-</span> 
     </span>
     <span class='ocr_line' id='line_1_22' title="bbox 546 2640 2336 2723; baseline 0.001 -20"><span class='ocrx_word' id='word_1_145' title='bbox 546 2642 662 2703; x_wconf 85' lang='lat' dir='ltr'>sias</span> <span class='ocrx_word' id='word_1_146' title='bbox 699 2641 1121 2720; x_wconf 86' lang='lat' dir='ltr'>benignitatem</span> <span class='ocrx_word' id='word_1_147' title='bbox 1163 2640 1444 2701; x_wconf 87' lang='lat' dir='ltr'>extulerit</span> <span class='ocrx_word' id='word_1_148' title='bbox 1485 2642 1876 2721; x_wconf 83' lang='lat' dir='ltr'>ejusdemque</span> <span class='ocrx_word' id='word_1_149' title='bbox 1917 2642 2336 2723; x_wconf 88' lang='lat' dir='ltr'>theologorum</span> 
     </span>
     <span class='ocr_line' id='line_1_23' title="bbox 546 2742 1983 2822; baseline 0.001 -21"><span class='ocrx_word' id='word_1_150' title='bbox 546 2742 911 2803; x_wconf 84' lang='lat' dir='ltr'>voluntatem</span> <span class='ocrx_word' id='word_1_151' title='bbox 931 2742 1302 2821; x_wconf 87' lang='lat' dir='ltr'>juvandique</span> <span class='ocrx_word' id='word_1_152' title='bbox 1330 2742 1589 2803; x_wconf 87' lang='lat' dir='ltr'>studium</span> <span class='ocrx_word' id='word_1_153' title='bbox 1619 2742 1983 2822; x_wconf 91' lang='lat' dir='ltr'>approbarit.</span> 
     </span>
    </p>

    <p class='ocr_par' dir='ltr' id='par_1_4' title="bbox 512 2841 2412 3426">
     <span class='ocr_line' id='line_1_24' title="bbox 619 2841 2412 2923; baseline 0.001 -19"><span class='ocrx_word' id='word_1_154' title='bbox 619 2842 774 2904; x_wconf 90' lang='lat' dir='ltr'>Nam</span> <span class='ocrx_word' id='word_1_155' title='bbox 804 2843 942 2903; x_wconf 90' lang='lat' dir='ltr'>dum</span> <span class='ocrx_word' id='word_1_156' title='bbox 972 2842 1127 2902; x_wconf 89' lang='lat' dir='ltr'>iutra</span> <span class='ocrx_word' id='word_1_157' title='bbox 1153 2841 1312 2903; x_wconf 90' lang='lat' dir='ltr'>lares</span> <span class='ocrx_word' id='word_1_158' title='bbox 1341 2864 1377 2903; x_wconf 90' lang='lat' dir='ltr'>a</span> <span class='ocrx_word' id='word_1_159' title='bbox 1406 2842 1679 2904; x_wconf 89' lang='lat' dir='ltr'>subdolis</span> <span class='ocrx_word' id='word_1_160' title='bbox 1717 2842 2018 2923; x_wconf 88' lang='lat' dir='ltr'>aliquibus</span> <span class='ocrx_word' id='word_1_161' title='bbox 2048 2844 2336 2923; x_wconf 86' lang='lat' dir='ltr'>impetan·</span> <span class='ocrx_word' id='word_1_162' title='bbox 2409 2855 2412 2860; x_wconf 59' lang='lat'><strong>⁴</strong></span> 
     </span>
     <span class='ocr_line' id='line_1_25' title="bbox 549 2941 2336 3023; baseline 0.003 -21"><span class='ocrx_word' id='word_1_163' title='bbox 549 2941 676 3004; x_wconf 79' lang='lat' dir='ltr'>tur⁸</span> <span class='ocrx_word' id='word_1_164' title='bbox 694 2942 788 3018; x_wconf 83' lang='lat'>⁶),</span> <span class='ocrx_word' id='word_1_165' title='bbox 828 2942 1072 3003; x_wconf 88' lang='lat' dir='ltr'>dubium</span> <span class='ocrx_word' id='word_1_166' title='bbox 1101 2962 1223 3004; x_wconf 87' lang='lat' dir='ltr'>nou</span> <span class='ocrx_word' id='word_1_167' title='bbox 1256 2962 1407 3018; x_wconf 89' lang='lat' dir='ltr'>esse,</span> <span class='ocrx_word' id='word_1_168' title='bbox 1440 2943 1585 3023; x_wconf 91' lang='lat' dir='ltr'>quin</span> <span class='ocrx_word' id='word_1_169' title='bbox 1615 2944 1674 3003; x_wconf 89' lang='lat' dir='ltr'>id</span> <span class='ocrx_word' id='word_1_170' title='bbox 1704 2944 2019 3005; x_wconf 89' lang='lat' dir='ltr'>audentius</span> <span class='ocrx_word' id='word_1_171' title='bbox 2048 2946 2169 3006; x_wconf 91' lang='lat' dir='ltr'>sint</span> <span class='ocrx_word' id='word_1_172' title='bbox 2194 2946 2336 3007; x_wconf 72' lang='lat' dir='ltr'>alibi</span> 
     </span>
     <span class='ocr_line' id='line_1_26' title="bbox 550 3043 2335 3125; baseline 0.003 -24"><span class='ocrx_word' id='word_1_173' title='bbox 550 3043 782 3119; x_wconf 80' lang='lat' dir='ltr'>facturi,</span> <span class='ocrx_word' id='word_1_174' title='bbox 814 3044 866 3105; x_wconf 89' lang='lat' dir='ltr'>si</span> <span class='ocrx_word' id='word_1_175' title='bbox 893 3044 1135 3104; x_wconf 84' lang='lat' dir='ltr'>fortuna</span> <span class='ocrx_word' id='word_1_176' title='bbox 1163 3044 1393 3122; x_wconf 89' lang='lat' dir='ltr'>uspiam</span> <span class='ocrx_word' id='word_1_177' title='bbox 1422 3045 1698 3104; x_wconf 89' lang='lat' dir='ltr'>arrideat.</span> <span class='ocrx_word' id='word_1_178' title='bbox 1756 3045 1877 3105; x_wconf 89' lang='lat' dir='ltr'>Sed</span> <span class='ocrx_word' id='word_1_179' title='bbox 1909 3045 2157 3106; x_wconf 89' lang='lat' dir='ltr'>omnino</span> <span class='ocrx_word' id='word_1_180' title='bbox 2186 3066 2335 3125; x_wconf 89' lang='lat' dir='ltr'>pau-</span> 
     </span>
     <span class='ocr_line' id='line_1_27' title="bbox 512 3142 2334 3223; baseline 0.002 -21"><span class='ocrx_word' id='word_1_181' title='bbox 512 3150 523 3162; x_wconf 81' lang='lat'><strong>·</strong></span> <span class='ocrx_word' id='word_1_182' title='bbox 549 3144 743 3205; x_wconf 89' lang='lat' dir='ltr'>ciores</span> <span class='ocrx_word' id='word_1_183' title='bbox 775 3161 928 3218; x_wconf 86' lang='lat' dir='ltr'>esse,</span> <span class='ocrx_word' id='word_1_184' title='bbox 961 3163 1138 3223; x_wconf 89' lang='lat' dir='ltr'>quam</span> <span class='ocrx_word' id='word_1_185' title='bbox 1167 3151 1234 3204; x_wconf 92' lang='lat' dir='ltr'>ut</span> <span class='ocrx_word' id='word_1_186' title='bbox 1260 3142 1495 3222; x_wconf 90' lang='lat' dir='ltr'>plenam</span> <span class='ocrx_word' id='word_1_187' title='bbox 1517 3144 1828 3205; x_wconf 87' lang='lat' dir='ltr'>victoriam</span> <span class='ocrx_word' id='word_1_188' title='bbox 1852 3164 2097 3223; x_wconf 87' lang='lat' dir='ltr'>sperare</span> <span class='ocrx_word' id='word_1_189' title='bbox 2118 3146 2334 3217; x_wconf 86' lang='lat' dir='ltr'>ausint,</span> 
     </span>
     <span class='ocr_line' id='line_1_28' title="bbox 550 3243 2332 3325; baseline -0.001 -22"><span class='ocrx_word' id='word_1_190' title='bbox 550 3243 684 3304; x_wconf 92' lang='lat' dir='ltr'>dum</span> <span class='ocrx_word' id='word_1_191' title='bbox 714 3245 756 3304; x_wconf 93' lang='lat' dir='ltr'>ii</span> <span class='ocrx_word' id='word_1_192' title='bbox 787 3244 889 3325; x_wconf 89' lang='lat' dir='ltr'>qui</span> <span class='ocrx_word' id='word_1_193' title='bbox 917 3245 1033 3304; x_wconf 93' lang='lat' dir='ltr'>huc</span> <span class='ocrx_word' id='word_1_194' title='bbox 1061 3264 1255 3325; x_wconf 91' lang='lat' dir='ltr'>usque</span> <span class='ocrx_word' id='word_1_195' title='bbox 1283 3245 1552 3306; x_wconf 85' lang='lat' dir='ltr'>maximis</span> <span class='ocrx_word' id='word_1_196' title='bbox 1580 3245 1866 3325; x_wconf 87' lang='lat' dir='ltr'>periculis</span> <span class='ocrx_word' id='word_1_197' title='bbox 1905 3245 2332 3323; x_wconf 53' lang='lat' dir='ltr'>laboribusque</span> 
     </span>
     <span class='ocr_line' id='line_1_29' title="bbox 548 3344 2328 3426; baseline 0 -24"><span class='ocrx_word' id='word_1_198' title='bbox 548 3363 615 3403; x_wconf 79' lang='lat' dir='ltr'>ac</span> <span class='ocrx_word' id='word_1_199' title='bbox 643 3344 1095 3425; x_wconf 88' lang='lat' dir='ltr'>quatuordecim</span> <span class='ocrx_word' id='word_1_200' title='bbox 1123 3354 1441 3407; x_wconf 88' lang='lat' dir='ltr'>tonnarum</span> <span class='ocrx_word' id='word_1_201' title='bbox 1469 3347 1599 3407; x_wconf 89' lang='lat' dir='ltr'>auri</span> <span class='ocrx_word' id='word_1_202' title='bbox 1628 3346 1963 3425; x_wconf 87' lang='lat' dir='ltr'>sumptibus</span> <span class='ocrx_word' id='word_1_203' title='bbox 1979 3346 2328 3426; x_wconf 67' lang='lat' dir='ltr'>religionem</span> 
     </span>
    </p>
   </div>
   <div class='ocr_carea' id='block_1_3' title="bbox 549 3478 940 3490">
    <p class='ocr_par' dir='ltr' id='par_1_5' title="bbox 549 3478 940 3490">
     <span class='ocr_line' id='line_1_30' title="bbox 549 3478 940 3490; baseline 0 919"><span class='ocrx_word' id='word_1_204' title='bbox 549 3478 940 3490; x_wconf 95' lang='lat' dir='ltr'> </span> 
     </span>
    </p>
   </div>
   <div class='ocr_carea' id='block_1_4' title="bbox 677 3556 1508 3628">
    <p class='ocr_par' dir='ltr' id='par_1_6' title="bbox 677 3556 1508 3628">
     <span class='ocr_line' id='line_1_31' title="bbox 677 3556 1508 3628; baseline 0 -19"><span class='ocrx_word' id='word_1_205' title='bbox 677 3558 729 3625; x_wconf 74' lang='lat'>⁴⁵)</span> <span class='ocrx_word' id='word_1_206' title='bbox 767 3556 902 3609; x_wconf 83' lang='lat' dir='ltr'>cod.</span> <span class='ocrx_word' id='word_1_207' title='bbox 939 3562 1001 3610; x_wconf 88' lang='lat' dir='ltr'>A.</span> <span class='ocrx_word' id='word_1_208' title='bbox 1037 3565 1094 3611; x_wconf 87' lang='lat' dir='ltr'>et</span> <span class='ocrx_word' id='word_1_209' title='bbox 1126 3558 1212 3612; x_wconf 89' lang='lat' dir='ltr'>B.:</span> <span class='ocrx_word' id='word_1_210' title='bbox 1265 3565 1508 3628; x_wconf 88' lang='lat' dir='ltr'>possent.</span> 
     </span>
    </p>
   </div>
  </div>
 </body>
</html>
