3025 4409
347 511 413 576 Μ
614 501 697 558 biber
712 499 755 557 ill.
792 499 974 560 little-ldbit

349 677 423 724 cun·
439 657 602 738 ingeniosis
622 657 756 737 pertibus
776 659 1005 733 recreationem,
1029 657 1154 718 maxime
1175 675 1245 721 cum

349 761 388 822 ed
414 761 490 825 tanc
515 757 669 820 liberelem
694 757 876 836 voluptatem
898 757 1069 838 Noriberga
1090 758 1246 818 Minervae

351 860 437 942 qussi
459 859 556 935 sedes,
577 879 638 939 que
657 859 787 939 smpl'ms.
800 865 920 920 senatus
935 858 1090 937 spectabili
1108 877 1245 929 munere,

351 981 411 1042 qun
431 960 541 1022 civium
559 958 741 1022 nobiliorum
762 959 997 1039 promptitudine
1019 960 1187 1036 conferret,
1206 978 1245 1020 eii

350 1061 462 1142 quibus
480 1059 626 1121 lobannis
647 1059 687 1120 im
707 1059 780 1120 flod
797 1059 925 1120 senioris
939 1059 1052 1120 donum
1065 1059 1245 1122 iconisoei-

351 1181 441 1241 perne
455 1159 588 1239 Virginis
607 1179 697 1220 manu
717 1159 835 1221 Alberti
854 1160 964 1222 Diireri
983 1159 1132 1238 pictorum
1155 1160 1245 1239 prin-

352 1260 428 1339 cipis
447 1261 556 1335 iactae,
587 1258 674 1320 lacile
694 1260 805 1322 eminet
824 1261 909 1322 nullo
936 1279 1011 1320 euro
1031 1266 1136 1322 contra
1155 1260 1246 1322 eesti-

352 1361 501 1424 inendum.
543 1358 684 1421 Succedit
704 1358 914 1439 christophori
940 1358 1095 1438 Fiirlegeri
1113 1359 1244 1422 liberali-

353 1471 413 1535 tas,
434 1459 561 1524 accessit
581 1458 710 1540 deniqne
725 1458 817 1522 illust
836 1459 957 1522 beronis
970 1458 1133 1522 Eberhardi
1152 1461 1246 1539 dyne-

353 1569 417 1625 scic
443 1559 672 1640 Riipispoletnni
697 1559 800 1622 nobile
826 1559 1033 1636 honorarium,
1069 1581 1130 1641 quo
1159 1561 1245 1624 Pauli

353 1661 583 1729 couversionem
595 1660 865 1725 Jobonn.llolbein
887 1663 998 1741 etipse
1019 1681 1151 1724 summus
1172 1661 1245 1722 olim

351 1761 460 1827 artifex
482 1760 638 1841 expressit.
679 1759 797 1835 Quibus
818 1769 937 1840 praeter
955 1762 1066 1824 veriam
1091 1761 1245 1826 aliemin-

352 1863 497 1927 dostrinm
516 1860 715 1926 mecbenicem
736 1869 767 1920 et
786 1863 954 1924 matheseos
971 1862 1112 1938 fabricas,
1131 1863 1246 1926 musaei

353 1963 571 2044 supellectilem
597 1959 736 2040 supplevi
768 1967 798 2020 et
828 1979 903 2040 quas
934 1963 1086 2024 venationi
1115 1962 1165 2024 alii
1192 1971 1247 2026 ant

354 2064 485 2144 aucupio
514 2064 604 2126 bores
635 2061 764 2123 temese
795 2077 857 2120 non
889 2060 1073 2124 illiberiliter
1102 2063 1244 2144 impendii

355 2163 389 2227 ld
409 2182 484 2225 vero
505 2160 785 2239 omniumprimum
806 2170 836 2220 et
855 2179 948 2222 unum
968 2181 1015 2224 me
1032 2164 1122 2240 coxit,
1144 2165 1245 2246 siqua

354 2262 604 2338 rollenojnverii
619 2279 668 2322 res
694 2261 854 2324 obiistinoe
881 2268 912 2322 et
935 2281 1054 2324 monim
1072 2265 1246 2332 innocentie

355 2362 510 2426 doctrines
533 2360 655 2441 puritati
675 2361 821 2440 coniungi
843 2362 948 2441 possit.
990 2361 1048 2426 Oui
1073 2365 1244 2428 studione-

355 2461 509 2522 tormntee-
525 2460 557 2522 io
578 2459 683 2543 Galliis
704 2461 849 2524 ecclesiae
873 2483 909 2524 ec
928 2463 1066 2542 inprimis
1084 2463 1246 2526 Generen-

355 2562 399 2626 sis
418 2559 569 2624 stimulum
589 2560 710 2624 addidit
747 2564 818 2641 Quo
838 2563 960 2624 nominc
979 2563 1091 2643 passim
1110 2565 1252 2631 melioris.

354 2669 445 2724 notos
463 2659 623 2724 inclamare
642 2660 739 2727 visum
760 2670 819 2735 esc
841 2663 900 2726 scdv
922 2682 990 2726 oiim
1009 2664 1244 2746 pleriqueintrn

354 2768 430 2827 vote
452 2768 494 2830 et
508 2779 689 2832 consensum
706 2764 903 2830 subsisterent
928 2769 958 2824 et
978 2765 1172 2844 compedibus
1192 2768 1245 2830 iis-
1373 2795 1374 2817 i

355 2861 559 2944 dein-quibus
575 2863 784 2942 egodevincti
803 2864 973 2940 haererent,
995 2863 1026 2926 in
1045 2883 1128 2929 mene
1149 2867 1245 2930 eoele-

355 2963 419 3033 siee
432 2982 534 3026 cornui
545 2963 778 3030 totaeincubui:
791 2964 850 3028 hoc
861 2962 1012 3026 difficilior
1020 2965 1148 3045 babitus,
1160 2969 1252 3048 qnod·

354 3081 435 3144 quse
457 3062 508 3129 olii
532 3070 671 3141 pastores
699 3071 729 3128 et
754 3065 889 3144 episcopi
909 3063 1097 3129 admitterent
1117 3073 1148 3130 ct
1167 3083 1245 3147 pno-

352 3163 463 3228 birem-
475 3163 572 3240 etim,
593 3184 651 3244 ego
667 3165 878 3241 convellerem,
900 3165 1084 3244 increparem
1099 3173 1150 3230 aut
1169 3185 1243 3233 sane

344 3252 382 3326 ‘iii
408 3263 530 3329 dubium
555 3283 704 3335 vocarem.
753 3265 824 3328 Non
845 3272 943 3330 tomen
964 3266 1061 3331 inanis
1080 3268 1154 3331 lineo
1175 3286 1242 3334 ome

349 3365 397 3428 nis
418 3384 512 3446 opera
531 3365 600 3441 luit,
627 3367 713 3444 cujus
734 3383 855 3428 sensum
876 3367 1028 3447 posterior
1049 3375 1129 3430 tems
1151 3373 1242 3430 teste-

346 3463 440 3542 bitiir,
466 3483 609 3546 praesciis
635 3462 764 3542 senff),
779 3465 836 3528 nisi
862 3487 930 3533 cum
954 3468 1111 3550 impietatis
1136 3475 1239 3550 Patro-

409 3611 436 3679 *)
451 3609 519 3664 Cod.
539 3616 567 3664 Α.
584 3611 615 3664 B.
633 3618 661 3664 et
678 3627 716 3664 n:
740 3624 808 3664 sane
824 3627 889 3667 non.
