3025 4409
263 474 374 546 Scripta
392 474 421 527 in
439 473 529 529 lorum
548 472 655 529 emlssa.
689 473 881 527 insectatores.
916 471 1093 527 Defensores.
1120 481 1160 543 47

261 633 350 693 cendi
375 632 439 693 ulla
464 632 572 706 libido,
600 650 687 711 quam
710 630 950 693 declamitatores
971 633 1161 712 aggerebant,

261 735 316 796 sed
344 734 429 815 quod
455 732 645 794 christianam
671 752 792 795 causam
819 734 918 795 animo
940 733 1055 796 fervide
1075 735 1161 797 love-

259 856 326 898 rem
353 844 383 897 et
404 835 513 917 quovis
534 835 626 897 modo
647 842 817 914 promotam
836 837 961 916 vellem,
988 837 1071 919 quod
1092 858 1161 899 cnm

257 938 351 1019 plana
371 938 420 999 via
440 937 512 999 mihi
532 944 701 1019 negaretur,
724 958 780 1019 per
799 938 939 1019 ambages
955 945 986 1001 et
1003 938 1161 1001 cuniculos

257 1038 404 1121 persequi
425 1046 551 1103 conatus
571 1060 647 1117 sum,
669 1060 731 1103 non
745 1042 892 1121 scoptico,
915 1042 998 1123 quod
1011 1040 1161 1122 aliquibus

257 1140 397 1217 videbar,
426 1142 530 1222 genio,
559 1144 614 1205 sed
635 1163 670 1205 ca
690 1150 771 1222 arte,
799 1164 888 1225 quam
907 1145 951 1224 pii
970 1142 1057 1205 multi
1076 1142 1161 1203 adhi-

257 1242 405 1319 buerunt,
439 1250 473 1305 ut
498 1262 554 1325 per
581 1244 682 1309 lusum
711 1252 741 1308 ct
768 1247 926 1326 ingeniosa
952 1245 1161 1307 allectamenta

258 1344 339 1407 seria
365 1364 486 1425 agerem
513 1352 543 1407 et
564 1345 783 1410 Christianismi
803 1368 936 1411 amorem
956 1350 1159 1431 propinarem.
1196 1364 1200 1373 ’

256 1447 288 1510 ls
309 1446 381 1509 mibi
402 1466 524 1526 scopus,
546 1446 577 1507 id
598 1450 758 1533 consilium
777 1450 842 1526 fuit,
865 1450 949 1532 quod
970 1452 1073 1514 sinon
1086 1450 1160 1513 satis

256 1549 519 1629 circumspectum,
540 1549 629 1610 acuti
649 1551 748 1613 minus
767 1560 901 1615 maturae
923 1561 952 1614 et
970 1560 1018 1615 tot
1030 1553 1159 1616 stimulis

256 1650 467 1713 incitatoribus
489 1651 660 1731 imputetur.
702 1655 783 1717 Sane
796 1662 831 1716 ut
847 1657 976 1735 primum
991 1655 1094 1717 multis
1108 1674 1159 1717 ae-

256 1774 312 1835 gre
338 1754 438 1815 facere
464 1752 640 1815 morborum
665 1763 841 1818 nostrornm
866 1756 1074 1819 tractationem
1094 1758 1159 1817 ani-

255 1854 413 1931 madverti,
435 1854 501 1934 ipse
520 1854 605 1917 dolui
626 1863 656 1917 et
677 1858 842 1918 extinctum
859 1858 944 1918 volui
962 1876 1081 1934 canem,
1104 1858 1159 1918 sed

258 1960 311 2041 qui
332 1956 507 2019 curiositate
529 1955 691 2018 obstetrice
712 1958 770 2019 hoc
789 1958 857 2037 ipso
877 1958 977 2018 denuo
997 1958 1158 2019 revisitet

256 2059 345 2121 aliam
367 2058 521 2136 sobolem,
544 2078 620 2139 quae
640 2059 780 2140 prolecto
801 2066 956 2121 aeternum
976 2058 1095 2138 sepulta
1109 2059 1158 2136 ja-

257 2162 380 2242 cuisset,
403 2160 619 2239 excitavit⁷⁴),
641 2163 727 2241 eujus
747 2162 871 2242 gratim
886 2161 956 2223 unis
973 2160 1158 2223 obtrectato-

256 2264 342 2327 ribus
370 2264 497 2341 debent,
523 2263 549 2325 si
577 2262 650 2345 quid
675 2284 808 2346 unquam
835 2263 947 2344 gratiae
967 2263 1157 2327 invenerunt.

255 2366 375 2429 Primus
403 2365 562 2428 autoritate
594 2384 649 2427 sua
679 2366 736 2428 bos
767 2371 1004 2428 murmuratores
1035 2385 1158 2446 compe-

257 2467 336 2529 scuit
366 2466 545 2528 Wilhelmus
578 2466 808 2547 Remcbingius,
844 2468 977 2547 supremi
1008 2465 1160 2529 dicaaterii

255 2587 396 2649 praeses,
418 2568 465 2631 vir
485 2588 605 2631 morum
627 2569 839 2646 sanctimonia,
860 2589 899 2631 an
921 2567 1089 2630 eruditione
1108 2585 1158 2629 re-

256 2690 385 2752 rumque
406 2691 465 2733 usu
487 2678 517 2733 ct
537 2670 656 2751 generis
682 2670 865 2751 praestantia
885 2669 1035 2747 nobilior,
1056 2668 1156 2729 incer·
1210 2692 1213 2696 ’

256 2779 328 2850 tum,
352 2772 401 2833 cni
424 2771 498 2834 Cive
519 2792 587 2834 mco
604 2770 775 2834 Christiano
797 2772 945 2850 dedicato,
968 2771 1008 2834 ob
1028 2770 1061 2831 id
1081 2790 1157 2852 qua-

255 2873 423 2954 lescunque
449 2872 558 2953 gratias
590 2874 740 2954 persolvi,
773 2894 841 2935 cnm
866 2894 977 2936 annum
1002 2878 1071 2933 ante
1093 2872 1157 2949 jam

256 2975 439 3055 Peregrinus
466 2974 601 3037 Besoldo
629 2994 729 3054 sacer,
765 2975 937 3039 oberrasset
963 2982 993 3037 et
1019 2973 1156 3036 Libertas

259 3076 428 3139 Christiana
460 3075 517 3137 sub
556 3076 697 3157 auspiciis
730 3078 1010 3140 llobenlelderianis
1046 3075 1156 3137 comite

257 3179 346 3241 Bona
373 3196 464 3241 causa
485 3185 515 3239 et
540 3178 711 3259 theologiae
731 3180 879 3242 Encomio
900 3180 999 3242 lucem
1019 3179 1156 3260 aspexis-

257 3287 312 3342 set.
354 3279 583 3360 Remcbingium
609 3280 713 3343 imitati
738 3281 874 3363 collegae
900 3300 1072 3344 assessores
1097 3301 1155 3343 no.-

255 3380 333 3444 biles
345 3380 542 3445 Burkbardus
553 3382 679 3463 Weiler,
692 3382 761 3445 Joh.
775 3383 869 3445 Henr.
884 3383 1060 3465 Offenbnrg,
1072 3385 1155 3447 Hen-

256 3484 338 3545 ricns
367 3482 576 3565 Scbillingins,
604 3492 667 3547 tum
694 3483 828 3548 lacobus
849 3484 973 3549 Notlratt
999 3493 1029 3547 et
1048 3484 1155 3546 Fride-

255 3581 338 3647 anos
358 3580 567 3665 Plieningerne
588 3584 650 3649 dno
670 3583 835 3649 nobilitatis
854 3600 946 3651 verae
964 3582 1079 3649 lomina
1101 3602 1155 3650 rn-
