3025 4409
318 484 381 550 ῃ,
569 476 653 532 ursa
668 475 736 532 vua
771 475 957 536 rasa-ausa.

318 638 415 703 solata
433 637 485 701 Ἠ.
500 633 649 699 Novemh.
690 634 753 713 Qui
772 633 824 696 atii
844 653 882 698 ex
903 635 1039 700 studiosa
1054 635 1217 716 juventute

317 759 366 802 me
390 738 487 800 amice
512 735 724 813 convenerint,
751 755 881 817 qnorum
901 737 1038 817 memini,
1068 759 1106 801 cx
1126 755 1217 820 para-

317 839 410 922 grinis
429 843 514 914 (nam
534 837 651 900 vicinos
678 844 709 900 et
728 844 946 900 conterraneos
971 857 1130 903 numerare
1151 859 1216 904 non

315 943 403 1019 licet)
422 939 527 1020 paucis
546 938 755 1019 perstringam.
789 939 889 1002 Fuere
903 947 1002 1002 antem
1018 959 1121 1004 comes
1138 942 1215 1004 baro

316 1041 504 1115 Polhemins,
530 1038 663 1102 Borkins
689 1039 815 1116 nobilis,
839 1038 979 1118 Finxins‚
1013 1043 1117 1106 Gravii
1142 1045 1215 1119 duo,

316 1144 518 1216 Fromannns
537 1138 715 1215 Woltartns,
735 1139 954 1222 Probstingins,
976 1142 1115 1221 Munius,
1137 1145 1215 1206 Gra·

320 1246 406 1320 ttius,
427 1243 611 1322 Mstvgerns,
631 1240 802 1318 Floeterus,
823 1241 988 1319 Micrclius‚
1009 1243 1216 1324 Eppsteinias,

318 1342 578 1418 Rautensteinius,
606 1340 754 1418 Macros,
780 1349 920 1423 atquem
941 1343 1042 1406 multis
1063 1344 1217 1424 praetule-

202 1515 204 1521 .
318 1449 386 1517 rina
398 1443 549 1508 Adrianus
559 1438 755 1504 Stodartus²¹
768 1441 808 1519 ¹),
817 1443 940 1520 juvenis
952 1443 1133 1508 lectissimus
1144 1465 1215 1508 cnm

317 1546 394 1622 aliia,
414 1562 545 1626 qnorum
565 1542 688 1606 nomina
707 1541 780 1603 mihi
799 1561 862 1604 non
883 1543 1052 1608 innotuere.
1083 1543 1214 1608 illustria

316 1650 393 1710 baro
418 1643 623 1725 Stubenberg,
648 1644 803 1706 iohannes
824 1644 1017 1723 Wilhelmns,
1045 1645 1095 1708 cni
1115 1645 1215 1708 inicii.

316 1750 360 1813 cis
387 1761 558 1827 cognomen
584 1744 664 1806 inter
689 1745 913 1824 carpophoros,
941 1745 1081 1808 felicitate
1100 1745 1214 1825 ingenii

316 1866 386 1914 cnm
405 1847 511 1929 paucis
532 1845 762 1925 comparandus,
783 1844 878 1909 literis
896 1845 1116 1910 humanissimis
1129 1846 1212 1910 ultro

314 1954 346 2016 in
373 1948 532 2013 amicitiam
559 1963 654 2009 meam
680 1946 833 2010 concessit
858 1965 968 2028 magno
992 1949 1119 2027 posthac
1141 1948 1213 2012 mihi

314 2055 345 2116 in
371 2049 470 2132 pretio
495 2049 660 2110 habendus.
711 2047 778 2108 Nec
803 2048 1041 2127 praetereundus
1068 2047 1139 2110 mihi
1165 2056 1213 2112 est

314 2151 452 2216 Matthias
478 2149 623 2230 Gigerus,
650 2147 825 2210 Basitiensis
850 2149 901 2210 32.
922 2148 1029 2210 abhinc
1054 2150 1141 2213 annis
1166 2151 1212 2212 ia-

314 2251 438 2316 miliaris
457 2265 560 2327 maus,
587 2257 618 2312 ct
637 2263 806 2329 generosae
826 2249 1046 2312 adolescentiae
1067 2250 1211 2314 informa·

314 2361 365 2418 tor
385 2350 583 2426 domesticus,
603 2350 657 2432 qni
676 2356 836 2431 postquam
857 2351 996 2432 religioni
1016 2358 1139 2416 nostrae
1158 2373 1211 2416 ac·

315 2454 470 2527 cessisset,
497 2455 527 2514 et
547 2469 636 2512 sacro
656 2450 824 2514 ministerio
845 2467 955 2514 nomen
975 2451 1118 2531 dedisset,
1138 2460 1212 2534 post

313 2555 462 2635 Ulyssccs
476 2549 567 2630 plane
581 2568 703 2614 errores
715 2552 807 2616 variis
825 2552 933 2616 muniis
947 2553 1117 2631 defunctus,
1138 2555 1210 2618 dum

312 2650 527 2717 herciscundae
552 2651 680 2715 familiae
705 2671 798 2718 cansa
823 2669 862 2716 ex
888 2660 972 2716 tanto
998 2653 1157 2718 intervalia
1177 2656 1209 2720 in

313 2753 439 2836 patriam
458 2753 545 2828 redit,
563 2753 603 2814 ad
622 2773 672 2816 me
692 2754 843 2818 concessit
861 2757 911 2818 15.
922 2754 1007 2834 Sept.
1022 2755 1135 2818 dudum
1148 2777 1208 2838 pro

312 2861 435 2918 mortno
449 2851 577 2929 habitus,
587 2855 712 2932 posthac
726 2856 873 2934 fortassis,
887 2855 913 2918 si
924 2873 974 2918 res
985 2858 1136 2935 succedat,
1151 2873 1208 2922 no-

313 2963 395 3020 strae
414 2954 562 3016 ecclesiae
581 2974 645 3016 non
665 2955 778 3020 inutilis
798 2947 932 3033 iuturus,
953 2957 1012 3020 hoc
1033 2958 1112 3020 enim
1133 2973 1207 3022 eon·

311 3058 381 3122 silio
400 3057 434 3119 in
453 3055 661 3143 Pomeraniam
680 3076 809 3119 uxorem
824 3077 892 3120 curn
907 3059 927 3120 8
942 3057 1046 3120 liberis
1061 3059 1208 3124 adductu-

311 3181 381 3237 rus,
402 3159 504 3220 denuo
524 3156 604 3218 abiit
644 3157 718 3219 Fata
736 3175 792 3220 sua
811 3157 932 3221 subiere
952 3178 991 3220 ex
1011 3160 1093 3240 notis
1113 3167 1144 3223 et
1163 3162 1208 3224 ta·

311 3260 478 3324 miliaribus
490 3257 698 3320 Ferdinandns
709 3258 922 3338 Gcizigkotier,
939 3265 1045 3322 noster
1054 3262 1207 3341 qnondam

310 3363 477 3443 Panurgus,
491 3357 675 3422 Ratisbonae
688 3360 718 3420 2.
734 3359 835 3434 Febr„
850 3359 1026 3422 Lndovicns
1041 3361 1145 3424 Guth³
1157 3362 1208 3441 ¹²)

311 3482 329 3523 a
355 3464 430 3525 Snlz
451 3460 539 3523 aulae
558 3466 681 3522 nostrae
701 3460 810 3522 Timon
837 3461 933 3540 Stutg.
955 3480 991 3521 ao
1011 3460 1059 3522 hic
1085 3461 1205 3542 quidem

309 3570 406 3624 morte
432 3581 520 3645 quam
547 3561 608 3624 vita
633 3560 751 3637 utilior,
778 3560 873 3624 nobili
899 3560 1049 3642 stipendio
1070 3562 1205 3626 literario
