3025 4409
482 499 585 553 Turbo.
621 499 642 551 E
661 498 782 553 statione
799 500 938 553 decessus.
1114 507 1155 567 w

256 676 303 719 me
325 657 362 719 ab
384 658 440 718 hac
460 657 615 719 iunctione
636 657 820 736 expedirem.
854 655 981 717 Substiti
990 664 1090 718 tamen
1101 659 1154 719 ad·

253 760 313 819 hnc
335 778 391 838 per
412 758 570 833 trimestre,
592 777 610 817 a
632 776 693 838 quo
714 778 771 836 per
782 759 932 818 Andream
942 758 1083 819 Baiarum
1102 779 1156 821 so-

254 860 373 921 lutione
395 860 537 934 omnium,
560 878 637 939 quae
653 865 800 937 patronus
821 859 1009 936 promiserat,
1029 859 1155 938 integra,

252 960 334 1020 liber
363 960 443 1018 1612
472 978 565 1019 mens.
587 958 677 1019 Febr.
700 959 796 1018 laetus
827 978 901 1020 snm.
945 964 1061 1020 lnterea
1081 978 1155 1020 cou-

253 1062 389 1121 versatio
412 1059 587 1121 familiarior
613 1078 681 1119 curn
705 1059 912 1119 llaieurellero
933 1060 1106 1121 continuata
1126 1068 1156 1121 et

253 1162 284 1221 in
308 1180 358 1221 nte
378 1161 495 1239 privata
508 1158 624 1239 paterni
646 1160 770 1220 allectus
792 1160 954 1238 specimina
965 1160 1076 1221 collata
1087 1168 1157 1223 sunt

253 1262 395 1341 plurima.
448 1260 610 1341 Nunquam
644 1260 857 1321 intermittebat
885 1260 933 1319 avi
964 1261 1078 1339 pariter
1103 1282 1156 1340 pa-

254 1362 372 1442 trisque
401 1361 459 1421 mei
484 1361 610 1421 virtutes
631 1361 819 1438 praedicare,
847 1361 901 1422 sed
923 1367 953 1420 et
977 1363 1082 1422 merita
1103 1382 1156 1441 pa-

254 1464 309 1525 tris
322 1463 488 1543 matrisque
510 1462 540 1521 in
552 1480 586 1521 se
607 1460 743 1539 profiteri
756 1460 876 1521 minime
889 1461 1049 1523 dubitabat
1081 1462 1158 1538 Qui-

254 1563 313 1624 bus
337 1562 465 1623 stimulis
487 1562 565 1622 haud
588 1560 678 1621 dubio
700 1581 748 1621 me
769 1562 801 1621 iu
821 1562 898 1622 recti
918 1562 966 1622 via
986 1570 1158 1641 promotum

255 1665 383 1744 suisque
411 1662 642 1743 (utaliquando
665 1662 786 1723 talionis
811 1663 1027 1739 meminissem)
1055 1665 1159 1725 conci·

255 1764 362 1825 lictum
384 1762 489 1836 voluit,
512 1763 599 1838 cujus
615 1782 663 1822 me
677 1782 762 1823 reum
777 1771 886 1841 sponte
899 1784 1045 1842 agnosco.
1076 1766 1159 1827 luter

254 1865 313 1925 alia
344 1863 498 1942 colloquia
518 1882 586 1923 enm
607 1862 671 1940 pia,
699 1869 763 1921 tum
784 1863 900 1923 erudita
920 1864 1067 1924 recordor
1087 1866 1159 1925 mihi

255 1967 435 2043 injunctum,
458 1970 520 2023 tres
541 1962 681 2023 historias
702 1962 822 2039 scriptis
843 1962 1024 2038 mandarem,
1045 1984 1120 2043 quas
1139 1985 1159 2025 a

255 2066 332 2127 meis
359 2063 541 2143 accepisset,
568 2062 705 2141 indignas
726 2082 804 2142 quae
824 2063 993 2142 posteritati
1014 2064 1158 2143 perirent.

255 2166 382 2239 Fuisse,
412 2185 479 2225 cum
508 2182 582 2227 avus
608 2164 705 2224 adhuc
727 2164 882 2243 Tubiugae
910 2165 1069 2226 diaconatu
1089 2167 1185 2227 lum·

256 2276 383 2347 geretur
410 2284 446 2324 ac
467 2264 497 2324 in
519 2282 553 2324 re
574 2264 734 2325 admodum
755 2266 839 2326 tenui
859 2273 953 2340 esset,
980 2265 1032 2327 lue
1058 2286 1159 2347 popu·

255 2369 313 2429 lari
337 2372 507 2445 grassante,
536 2365 618 2444 quod
641 2373 671 2426 et
691 2365 757 2444 ipse
787 2386 854 2426 cum
880 2385 979 2427 uxore
1006 2374 1037 2427 et
1055 2366 1159 2429 liberis

255 2470 376 2549 aliquot
401 2466 620 2545 corriperetur,
651 2466 761 2546 quibus
788 2467 934 2526 humanae
959 2468 1027 2547 opis
1053 2488 1160 2547 parum

256 2569 397 2631 adfuerit.
445 2564 614 2626 Advenisse
641 2573 739 2627 tamen
761 2566 972 2627 Leonhardnm
997 2569 1160 2631 Fuchsium

257 2670 410 2745 celebrem
432 2666 593 2739 medicum,
622 2667 674 2745 qui
701 2686 770 2727 eum
797 2686 853 2745 per
879 2686 999 2729 scamna
1020 2677 1050 2730 ct
1075 2668 1159 2748 pavi-

257 2778 394 2832 mentum
415 2772 595 2847 prostratam
617 2784 740 2844 egenam
762 2776 793 2827 et
808 2767 1030 2845 singultientem
1041 2769 1159 2831 turbam

259 2870 418 2951 reperiret,
441 2866 514 2927 nihil
535 2865 639 2927 salutis
652 2875 704 2928 aut
718 2868 872 2929 solaminis
883 2870 1083 2947 praemisisse,
1106 2870 1160 2931 sed

260 2974 341 3033 diras
369 2988 475 3031 omnes
502 2975 532 3027 et
559 2969 767 3029 execrationes
792 2968 888 3029 multo
914 2969 1078 3031 verborum
1097 2991 1180 3054 am<

259 3073 325 3133 bitu
348 3078 378 3131 et
398 3076 536 3147 gestuum
548 3070 734 3131 vehementia
746 3070 933 3133 evomuisse:
953 3072 992 3131 ad
1003 3092 1080 3151 quae
1091 3092 1158 3132 enm

261 3192 336 3233 avus
370 3170 617 3231 contremisceret
646 3179 676 3230 et
707 3178 740 3232 ut
770 3170 963 3231 misereretur
988 3170 1056 3249 opis
1077 3190 1160 3247 suae,

263 3294 326 3335 nou
343 3270 515 3349 jurgiorum
537 3269 723 3348 indigorum,
751 3272 979 3349 deprecaretur:
1008 3273 1066 3331 hoc
1086 3290 1160 3350 ergo

263 3374 339 3435 illud
361 3379 415 3445 est,
438 3371 599 3432 Fuchsinm
620 3370 740 3445 dixisse,
764 3390 818 3431 cur
839 3372 968 3433 scelesta
979 3371 1030 3432 illa
1050 3371 1161 3437 anima-

263 3474 303 3535 lia
329 3483 359 3535 et
389 3472 561 3533 trifurciferi
588 3472 725 3532 monachi
750 3479 781 3531 et
814 3472 977 3534 sacrificuli
1009 3470 1161 3531 matrimo-

266 3576 345 3636 nium
368 3574 531 3635 abhorrent
553 3579 582 3633 et
603 3571 688 3634 nullo
710 3592 767 3637 suo
795 3574 934 3653 periculo
959 3572 1162 3646 libidinantur,
