3025 4409
342 491 383 553 43
617 476 699 529 nen
714 476 745 529 u.
778 474 962 531 tutt-ttau,

343 639 525 711 stiuueruut,
556 640 590 695 ut
621 634 748 712 puderet
773 632 929 708 insectari,
962 631 1014 712 qui
1043 630 1132 692 tantis
1162 632 1238 693 viris

341 739 487 819 placeret,
517 742 547 795 et
572 736 630 795 hoc
657 736 725 815 ipso
755 735 932 795 redderetur
962 732 1238 796 commendabilior.

341 839 413 901 Non
435 837 529 900 deluit
550 835 637 896 etiam
658 836 734 898 fides
752 836 956 899 Bidembactii
976 843 1059 897 certa
1080 842 1111 897 et
1131 834 1239 915 explo-

342 942 430 1019 ra[ta]
451 939 542 1001 rebus
563 938 706 1014 turbatis,
734 939 786 1020 qui
808 940 890 1021 quod
917 939 1015 1001 miuus
1036 938 1239 1019 paedagogiae

343 1043 496 1121 subjectus
514 1047 594 1102 esset
610 1060 709 1103 meum
729 1040 761 1101 iu
779 1060 813 1101 se
830 1041 999 1121 periculum
1013 1040 1101 1102 facile
1125 1050 1239 1119 provo-

344 1144 429 1207 cavit.
479 1142 570 1205 Certe
593 1150 621 1204 et
642 1142 864 1205 Hafenrefferus
885 1145 951 1223 ipse
971 1164 1007 1204 ac
1027 1163 1096 1204 cum
1118 1162 1156 1203 eo
1177 1162 1242 1203 ma·

338 1246 417 1326 j0ris
433 1245 522 1307 animi
546 1244 649 1325 plures
668 1244 700 1305 in
719 1244 817 1307 sinum
839 1246 935 1307 risere
954 1266 1023 1308 cum
1042 1245 1122 1325 ringi
1141 1244 1241 1306 molli-

345 1349 431 1411 culos
459 1357 488 1410 et
515 1350 588 1411 flere
614 1347 806 1409 mulierculas
833 1347 984 1423 audirent,
1015 1354 1045 1409 et
1065 1366 1126 1428 quo
1148 1345 1242 1424 magis

344 1452 476 1514 solutum
503 1451 595 1533 aliqui
615 1449 787 1525 amicitiam,
815 1451 874 1511 hoc
899 1450 1035 1511 strictum
1062 1450 1162 1509 bonae
1183 1468 1241 1509 no·

343 1561 391 1615 tae
414 1561 444 1616 et
464 1560 584 1615 sanctae
606 1552 677 1613 fidei
697 1552 754 1614 viri
775 1552 873 1628 ivero,
901 1554 987 1631 cujus
1010 1558 1041 1614 et
1059 1552 1241 1613 anteceden-

343 1656 384 1717 tia
406 1663 435 1717 et
455 1676 537 1736 poue
559 1655 715 1737 sequeutia
736 1654 899 1734 specimina
920 1674 1074 1735 apponere
1094 1654 1190 1716 libuit.

428 1756 457 1821 1.
501 1760 535 1820 ln
556 1758 656 1819 album
678 1758 843 1820 amicorum
863 1778 970 1820 meum.

387 1861 489 1921 Matth.
512 1862 540 1920 6.
577 1857 719 1936 Quaerite
745 1861 874 1939 primum
900 1880 1024 1940 regnum
1053 1858 1112 1918 Dei
1139 1862 1169 1918 et
1191 1858 1243 1933 ju·
1320 1931 1324 1936 Ι

346 1960 455 2022 stitlam
480 1961 545 2038 ejus
566 1969 596 2022 et
616 1962 689 2021 haec
709 1963 809 2022 omnia
827 1961 1006 2038 adjicientur
1024 1959 1121 2022 vobis
1191 1985 1193 1991 ·

387 2063 560 2127 Reverendi
579 2070 609 2123 et
635 2063 748 2125 clariss.
769 2063 827 2123 viri
846 2064 884 2123 D.
903 2064 971 2123 Jot.
993 2062 1147 2136 Andreae,
1174 2059 1244 2121 illu-

347 2165 433 2227 stris:
461 2164 609 2244 principp.
629 2163 850 2242 Wiirtemberg.
872 2165 910 2223 D.
925 2165 962 2223 D.
983 2163 1130 2224 Ludovici
1155 2169 1184 2223 et
1204 2164 1243 2224 D.

347 2268 386 2327 D.
398 2266 545 2327 Friderici
567 2272 597 2325 et
618 2264 783 2326 consiliarii
804 2271 834 2325 et
854 2263 1027 2325 monasterii
1047 2265 1084 2324 ad
1101 2264 1244 2344 Regium-

348 2367 461 2427 lontem
482 2364 630 2447 praesulis
652 2366 833 2446 dignissimi,
865 2365 935 2426 Dni.
958 2367 1119 2444 compatris
1140 2374 1171 2429 et
1190 2387 1244 2448 pa-

348 2468 442 2530 rentis
474 2468 521 2530 sui
548 2474 721 2529 reverenter
748 2467 884 2543 colendi,
921 2466 1050 2546 optimae
1078 2468 1143 2547 spei
1168 2468 1243 2544 filio,

347 2576 540 2649 paternarum
560 2570 766 2650 avitarumque
792 2569 936 2631 virtutum
957 2569 1094 2631 studioso
1115 2569 1244 2645 aemulo,

348 2670 479 2733 iohanni
499 2669 661 2733 Valentino
683 2671 712 2734 b.
734 2670 841 2732 artium
861 2670 1081 2748 Baccalaureo,
1109 2672 1141 2732 in
1162 2690 1246 2733 amo-

348 2772 391 2833 ris
412 2773 660 2835 contestationem
681 2772 802 2854 scripsit

800 2874 938 2936 Matthias
959 2874 1145 2937 llalenretler
1164 2876 1203 2936 D.

883 2974 934 3039 13.
944 2974 1041 3057 April.
1054 2978 1143 3039 16⁰3.

433 3076 463 3137 2.
506 3077 606 3139 Locos
626 3076 815 3157 theologicos
837 3097 920 3140 suos.

391 3175 504 3239 Pietate
533 3185 562 3241 et
589 3178 725 3240 doctriua
751 3179 915 3259 praestanti
930 3180 1036 3257 juveni
1057 3181 1095 3242 Ι).
1115 3180 1247 3242 Johanni

350 3275 511 3341 Valentino
535 3279 690 3358 Andreae,
713 3300 782 3342 cum
802 3282 835 3342 in
854 3281 967 3361 inclyta
987 3280 1116 3361 Tubing.
1138 3282 1245 3343 acade-

350 3378 418 3458 mia,
440 3382 470 3458 6.
485 3381 573 3462 Febr.
586 3383 667 3444 16⁰5
688 3382 837 3445 bonarum
853 3382 962 3444 artium
979 3382 1120 3462 magister
1132 3402 1245 3445 renuu-

351 3480 495 3561 oiaretur,
525 3483 660 3546 sincerae
682 3484 888 3564 gratulationis
913 3490 1003 3565 atque
1022 3490 1057 3544 ut
1077 3485 1171 3547 avitas
1192 3506 1246 3566 pa-

351 3585 511 3668 ternasque
544 3582 744 3649 sanctissimas
776 3582 901 3649 virtutes
929 3591 1051 3646 strenue
1077 3586 1246 3649 consertam
