3025 4409
360 501 422 560 256
677 495 759 549 Liber
776 495 830 550 Vll.
865 497 938 556 1650.

360 651 430 726 tuit,
459 652 514 713 sed
540 671 614 733 quas
641 651 741 714 subito
763 652 894 714 turbavit
915 653 1076 733 improvisa
1098 673 1180 717 mors
1201 675 1254 717 so-

359 753 439 815 roris
451 755 624 816 Dorotheae
634 753 767 814 Amaliae
777 753 839 828 jam
860 755 888 814 7.
901 773 997 816 annos
1010 761 1097 816 natae
1107 757 1158 818 27.
1165 757 1253 818 Mart.

360 863 391 915 et
417 857 447 915 ³.
465 855 559 934 April.
585 855 615 914 in
642 853 798 914 mausoleo
825 853 993 932 depositae,
1026 857 1254 937 geminatusque

358 955 449 1016 dolor
472 955 646 1034 parentibus
672 954 767 1033 ipsius
794 953 898 1016 Caroli
925 954 1135 1036 Christophori
1160 955 1254 1036 paulo

359 1064 430 1135 post
449 1054 621 1116 absentibus
634 1054 750 1133 abrepti
770 1057 800 1115 2.
812 1055 895 1116 Junii
913 1060 944 1116 et
964 1057 1013 1118 10.
1031 1066 1176 1138 sequente
1191 1057 1253 1118 lra-

357 1155 453 1216 tribus
473 1154 617 1234 adpositi,
639 1153 795 1214 insanabili
813 1155 938 1216 vulnere
959 1157 1046 1217 matri
1060 1157 1177 1232 relicto,
1198 1158 1254 1219 sed

359 1256 540 1316 documento
554 1262 647 1329 certo,
669 1255 827 1315 immodica
844 1256 951 1335 gaudia
970 1263 1000 1317 et
1012 1259 1155 1336 profusos
1170 1278 1253 1319 sum-

358 1365 408 1418 tus
433 1358 578 1418 maximos
603 1356 702 1416 luctus
738 1362 767 1416 et
796 1357 1021 1435 poenitudinem
1047 1379 1127 1438 pone
1155 1361 1251 1442 sequi.

358 1457 432 1518 lude
444 1456 512 1517 data
523 1457 553 1516 in
567 1456 635 1517 aula
644 1456 748 1517 ultima
759 1457 915 1532 concione,
931 1477 1007 1538 quae
1019 1479 1145 1522 numero
1158 1462 1250 1522 1170.

358 1557 428 1632 luit,
451 1558 500 1617 15.
512 1557 606 1637 April.
629 1565 659 1618 et
679 1557 817 1639 sequenti
836 1557 903 1618 vale
922 1558 1128 1621 lllustrissimo
1150 1561 1251 1640 priva-

357 1658 409 1719 tim
433 1658 527 1734 dioto,
554 1657 775 1720 Bebeuhusium
801 1657 861 1718 abii
885 1660 935 1719 25.
949 1659 1043 1738 April.
1063 1661 1251 1742 primamque

356 1759 534 1821 concionem
555 1760 604 1820 28.
626 1766 697 1838 post
716 1758 814 1818 habui.
842 1757 956 1820 Nactus
978 1761 1118 1821 coenobii
1138 1782 1250 1840 procu-

355 1867 485 1922 ratorem
505 1858 715 1920 Leonhardum
736 1857 999 1939 Waldensberger,
1021 1860 1153 1941 collegas
1174 1881 1250 1923 vero

354 1960 520 2041 Georgium
540 1960 705 2020 Lindenum
725 1965 756 2019 et
776 1958 923 2019 «Iacobum
941 1960 1092 2036 Rothium‚
1113 1981 1249 2023 oecono-

354 2082 434 2123 mum
462 2061 549 2122 etiam
569 2059 735 2138 juventutis
761 2060 909 2121 loannem
935 2061 1140 2123 Sohmiderum
1165 2067 1249 2122 tran-
1363 2055 1364 2124 l

354 2163 504 2246 quillioris
535 2181 573 2221 an
609 2159 836 2222 turbulentioris
871 2161 950 2222 vitae
981 2161 1185 2223 instrumentis
1218 2171 1250 2224 et

352 2263 496 2326 machinis
521 2261 628 2323 futuris
654 2261 799 2320 incertum
827 2267 857 2320 et
877 2281 895 2320 a
915 2269 1050 2341 tempore
1071 2270 1249 2342 exspectan-

355 2370 441 2442 dum,
471 2362 564 2426 initiis
590 2381 662 2423 sane
689 2381 776 2442 quam
804 2381 861 2441 pro
890 2362 1032 2442 opinione
1063 2363 1248 2425 durioribus.

353 2467 502 2547 Discipuli
522 2464 627 2524 crediti
647 2472 718 2524 sunt
737 2482 863 2524 numero
890 2464 956 2538 34„
983 2481 1061 2543 quos
1089 2463 1247 2524 nominare

352 2570 439 2631 libet:
460 2564 660 2644 Wollgangus
674 2563 822 2624 Henricus
839 2563 943 2639 Major,
964 2564 1099 2625 loannes
1111 2564 1246 2626 lacobus

351 2670 487 2743 himer,
514 2665 663 2744 Georgius
690 2662 822 2725 Conrad.
837 2663 1078 2740 Sohliesneolrer‚
1109 2665 1246 2728 loannes

351 2769 485 2830 lacobus
505 2767 588 2827 Beck
609 2763 826 2844 Stutgardiani,
852 2764 985 2825 loannes
1007 2763 1245 2844 christophorus

351 2869 461 2949 hagel,
488 2866 643 2946 Philippus
668 2865 813 2940 Burlrart‚
844 2867 895 2945 qui
919 2864 1032 2944 primus
1061 2864 1139 2924 diem
1170 2865 1248 2928 obiit

351 2971 400 3034 31.
417 2969 484 3029 lan.
505 2969 573 3043 51,
600 2965 751 3045 Georgius
778 2965 882 3026 Simon
907 2964 1080 3044 Weitprett‚
1109 2965 1245 3028 loannes
1359 3001 1360 3008 κ

351 3070 503 3149 Georgius
533 3068 630 3142 baux,
659 3067 794 3129 loannes
824 3065 957 3128 lacobus
989 3068 1084 3145 hang,
1120 3066 1245 3128 Gabriel

349 3174 468 3244 Brenn,
502 3168 635 3229 loannes
664 3166 814 3246 Georgius
836 3165 995 3240 Aichelen,
1027 3166 1114 3226 Joan.
1135 3165 1245 3228 Jacob.

349 3266 519 3345 Sennier*)
535 3267 752 3347 Tubingenses,
772 3266 1008 3345 christophorus
1022 3266 1129 3339 Zeller‚
1148 3267 1246 3328 loan-

348 3391 403 3457 nes
437 3368 632 3432 leonhardus
665 3367 791 3441 Stuber,
825 3367 958 3429 loannes
988 3366 1120 3428 Jacobns
1153 3368 1245 3443 HasS,

412 3582 443 3653 θ)
459 3583 527 3638 Cod.
543 3582 575 3637 B.
592 3586 621 3636 et
636 3553 830 3635 ar⁸Somnier¹
