3025 4409
343 495 403 555 144
607 487 690 542 biber
706 487 749 542 lV.
784 487 968 546 qam-1639.

342 644 546 726 promptuaria
566 651 596 705 et
612 644 754 726 quicquid
770 645 922 725 publicum
938 646 1160 727 privatumque;
1182 645 1235 706 iis-

342 767 402 828 qne
426 745 565 821 annales,
596 745 677 821 lasti,
709 747 842 808 rationes
868 767 904 808 ac
931 748 1013 828 quod
1038 766 1170 827 unquam
1195 746 1236 806 ad

311 869 312 873 ¹
342 847 524 927 posteritatis
538 847 712 908 memoriam
727 849 941 910 asservandum
960 848 1024 923 luit,
1041 847 1157 922 inclusi,
1174 866 1235 908 una

341 970 411 1010 oum
432 949 513 1009 omni
534 948 729 1027 supellectile,
750 949 807 1010 nisi
830 955 971 1030 quantum
993 951 1129 1010 Laverna
1148 956 1236 1009 extu·
1324 1001 1327 1008 .

341 1050 385 1125 lit,
407 1048 580 1121 interierint,
601 1056 635 1110 ut
654 1049 872 1127 propemodum
895 1069 932 1110 ex
954 1069 1057 1110 eorum
1079 1049 1131 1130 qui
1151 1049 1236 1108 vixe-

343 1152 403 1210 rint
416 1168 542 1210 numero
560 1148 664 1209 aboliti
681 1149 848 1221 videamur;
869 1151 928 1210 hoc
941 1149 1083 1210 sacellum
1090 1150 1153 1226 jam
1168 1148 1235 1210 uni-

340 1272 410 1312 cum
436 1249 552 1327 asylum
577 1249 665 1310 nobis
692 1249 852 1328 superfuit,
881 1250 962 1329 quod
989 1249 1135 1310 nasutulis
1162 1249 1235 1310 olim

340 1351 525 1430 superfluum
550 1350 646 1411 visum
673 1351 798 1411 sorduit.
846 1350 938 1410 Periit
962 1349 1031 1410 milri
1051 1371 1117 1410 cum
1140 1349 1235 1424 abaci,

340 1462 404 1514 tum
419 1450 533 1512 musaei
551 1457 641 1530 atque
655 1451 699 1510 rei
713 1449 862 1510 familiaris
877 1450 1013 1529 supellex
1030 1451 1136 1525 omnis,
1151 1452 1235 1531 quod

340 1559 461 1632 praeter
485 1551 623 1612 viaticum
652 1553 741 1613 domo
772 1549 844 1611 nihil
870 1550 1052 1612 extulissem.
1098 1554 1167 1613 Duo
1189 1559 1235 1612 ta-

340 1672 410 1714 men
429 1651 479 1712 vel
498 1651 625 1712 maxime
645 1653 778 1732 affligere
799 1650 1036 1712 recordationem
1051 1671 1146 1712 meam
1160 1671 1235 1730 pos-

340 1760 423 1829 sent,
450 1752 476 1814 si
502 1752 573 1833 quid
599 1751 690 1814 rebus
717 1751 845 1813 terrenis
872 1756 902 1810 et
927 1751 1077 1830 peritoriis
1097 1762 1233 1814 tenerer:

343 1875 436 1916 unum
455 1853 725 1932 manuscriptorum
743 1852 945 1932 irreparabilis
960 1853 1048 1929 juxta
1064 1860 1093 1914 et
1112 1853 1233 1914 inaesti-

339 1954 456 2016 mabilis
476 1956 634 2015 thesaurus
650 1954 713 2030 jam
733 1955 772 2014 ab
793 1975 849 2016 avo
872 1961 901 2016 et
920 1959 1005 2033 patre
1018 1953 1153 2014 laudatae
1170 1973 1234 2014 me-

337 2057 452 2118 moriae
478 2055 516 2114 ad
540 2074 589 2114 me
610 2054 775 2129 derivatus,
803 2054 871 2114 inde
897 2054 993 2116 multo
1019 2053 1124 2115 labore
1150 2055 1234 2134 dige-

339 2166 404 2220 stus
426 2163 456 2216 et
475 2154 549 2216 meis
569 2153 792 2234 amicorumque
812 2154 1000 2217 auctionibus
1022 2154 1234 2234 multiplicatus

339 2258 597 2338 plurimorumque
623 2254 783 2315 illustrium
810 2262 839 2316 et
860 2257 1123 2319 celeberrimorum
1144 2257 1233 2333 hujus

340 2358 406 2418 aevi
430 2356 570 2436 alloquiis
596 2365 733 2431 ornatus»,
763 2358 800 2418 de
830 2378 890 2438 quo
918 2357 1064 2420 nonnulla
1090 2356 1122 2416 in
1142 2357 1233 2418 Fama

338 2457 499 2520 Andreana
519 2456 721 2533 menti0¹⁴⁴);
750 2457 875 2520 alterum
896 2465 942 2520 tot
962 2457 1173 2538 elegantiarum
1194 2457 1232 2518 ab

341 2555 578 2638 exquisitissimis
595 2556 669 2618 varii
683 2557 802 2636 generis
817 2558 903 2619 etiam
923 2560 1040 2638 priscae
1060 2557 1165 2619 aetatis
1183 2577 1231 2618 ar-

339 2657 470 2719 tificibus
490 2657 647 2734 petitarum
669 2664 699 2718 et
713 2677 774 2738 qua
787 2659 934 2735 majorum
949 2658 1152 2734 successione,
1173 2677 1232 2738 qua

339 2759 510 2836 Magnatum
541 2758 742 2820 munificentia
773 2758 843 2818 milri
873 2758 1087 2820 submisserunt
1120 2777 1232 2838 conge-

340 2859 410 2934 ries,
427 2857 545 2930 Diireri,
562 2857 728 2934 Granachii,
745 2859 906 2928 Holbeinii,
919 2859 1126 2938 Bockspergii
1144 2878 1231 2939 prae-

339 2968 388 3020 ter
413 2958 612 3030 recentiores;
644 2966 808 3039 autopoea:
843 2979 955 3038 organa
983 2965 1013 3020 et
1037 2959 1233 3021 instrumenta

339 3060 467 3137 musica,
488 3060 704 3137 mathematica,
732 3061 903 3121 mechanica
922 3059 1066 3138 singulari
1087 3059 1232 3122 industria

340 3161 489 3232 confecta3
515 3167 712 3235 automatum,
738 3161 914 3240 imaginum,
942 3160 1081 3220 cistarum
1103 3159 1231 3238 scripto-

339 3261 471 3335 rialium,
498 3260 740 3341 chalcographiae
768 3268 797 3322 et
823 3260 1024 3339 xilographiae
1050 3259 1231 3338 insignioris,

339 3363 525 3442 sculpturae,
552 3362 735 3436 coelaturae,
765 3362 954 3440 acupicturae
979 3341 1024 3422 vis
1052 3378 1143 3438 supra
1168 3359 1231 3438 pri-

339 3471 434 3526 vatam
453 3467 575 3536 sortem,
597 3473 626 3522 et
641 3463 728 3539 cujus
748 3463 876 3541 pretinm
897 3461 1085 3524 subindicare
1106 3459 1229 3540 pudori;

341 3565 395 3626 sed
416 3584 483 3626 cum
504 3562 629 3642 simplici
649 3582 747 3644 eoque
768 3562 931 3625 inviolabili
953 3561 1099 3642 obsequio
1123 3568 1230 3624 cuncta
