3025 4409
342 479 491 550 Gymnasio
510 479 607 550 Stuttg.
620 485 648 534 et
663 479 801 550 stipendio
822 481 1058 554 theolprospiait.
1084 489 1146 552 ψ

256 644 302 698 tur
323 646 353 697 et
378 645 501 717 quartus
528 637 644 717 collega
672 637 757 719 isque
779 639 915 700 Zellerus
941 638 1029 700 nobis
1053 639 1144 700 adde-

257 744 346 811 retur,
368 738 474 798 sedulo
496 737 626 813 incubui,
648 737 860 820 indefessoque
880 738 979 800 studio
994 758 1050 800 nec
1064 739 1143 800 facili

255 836 348 912 lucta,
377 839 457 917 quod
482 839 529 898 12.
544 838 611 898 lan.
632 836 788 915 probatum
810 847 882 913 erat,
904 841 953 900 24.
970 838 1046 919 Aug.
1069 859 1142 900 cou-

255 938 364 998 iectum
390 945 420 998 et
444 940 494 999 28.
513 938 596 1016 Sept.
617 937 786 999 absolutum
814 939 882 1000 vidi.
931 940 1039 1001 Postea
1059 960 1141 1019 gym-

254 1038 330 1100 nasii
356 1037 557 1117 Stntgardiani
582 1056 632 1098 res
653 1041 794 1102 contusas
816 1047 845 1102 et
864 1039 976 1101 accisas
997 1039 1142 1120 suppletis

254 1139 435 1217 paedagogis
457 1139 612 1218 auctisque
629 1139 784 1218 stipendiis
803 1142 918 1202 restitui
939 1142 987 1202 19.
998 1140 1085 1222 Aug,
1107 1162 1142 1204 ao

254 1236 302 1300 31.
324 1239 460 1313 Octobr„
481 1238 618 1299 barbarie
639 1239 801 1315 obnitente,
824 1245 853 1300 in
875 1240 1010 1302 ordinem
1031 1243 1141 1322 redegi.

253 1340 378 1399 Demum
398 1339 525 1400 domnis
551 1338 713 1418 theologici
732 1341 852 1421 collegii
873 1341 995 1404 denario
1016 1364 1142 1406 numero

254 1441 347 1502 auctis
369 1447 399 1500 et
412 1439 521 1500 victum
538 1438 735 1500 liberaliorem
753 1448 784 1500 et
802 1441 1016 1520 inspectionem
1031 1446 1141 1508 rectio·

255 1560 316 1600 rem
336 1539 451 1615 invitis,
473 1539 524 1620 qui
544 1547 648 1600 contra
669 1539 850 1615 sentiebant,
872 1541 1039 1620 impetravi,
1066 1566 1142 1627 quae

253 1640 307 1700 tria
332 1639 514 1722 quicquid*)
541 1659 606 1700 mea
631 1638 822 1719 suggestione
842 1649 1016 1719 procurata,
1043 1650 1140 1708 tamen

252 1742 395 1818 producis
425 1742 523 1802 nostri
547 1740 711 1814 autoritati,
743 1738 820 1820 quae
850 1741 1005 1818 improbos
1036 1752 1142 1806 contra

253 1861 342 1902 ausus
370 1841 527 1919 perfregit,
555 1839 643 1900 unice
670 1841 825 1901 debentur.
872 1840 943 1902 Non
968 1848 1066 1904 tamen
1087 1845 1141 1906 im-

253 1961 332 2018 pune
352 1940 409 2001 tuli
426 1943 501 2002 banc
522 1940 666 2001 ecclesiae
687 1946 820 2000 navatam
842 1960 978 2018 operam,
1007 1941 1140 2006 immisso

253 2041 281 2101 in
298 2061 346 2101 me
364 2042 503 2102 aSatana
515 2041 642 2120 primum
659 2062 733 2102 cane
748 2041 1027 2104 abiuntum.
1042 2043 1141 2119 Febr,

254 2142 361 2202 deinde
379 2141 458 2203 bove
477 2142 541 2219 illo,
559 2143 673 2222 dequo
693 2143 849 2221 superiore
868 2162 956 2218 anno,
977 2152 1142 2223 cornupeta

253 2244 301 2301 24.
315 2242 458 2320 August,
488 2242 539 2322 qni
565 2248 661 2302 tamen
687 2249 814 2323 uterque
840 2243 953 2304 duriter
978 2242 1144 2322 increpitus,

252 2345 340 2406 bilem
368 2364 451 2406 suam
478 2342 643 2417 resorbuit,
671 2343 791 2423 maligni
816 2345 904 2406 animi
928 2342 1052 2406 maculis
1072 2350 1142 2423 post

253 2465 286 2506 se
305 2444 420 2505 relictis
440 2444 490 2504 28.
508 2441 587 2504 Nov.
628 2442 763 2504 Sibilavit
784 2444 870 2506 etiam
891 2444 1031 2520 coluber,
1051 2445 1142 2508 silen-

253 2547 294 2606 tio
317 2550 502 2616 contemtus,
528 2543 599 2622 quin
620 2551 650 2603 et
669 2543 783 2605 Aeolus
803 2545 881 2622 ipse,
910 2565 978 2604 cum
998 2545 1142 2608 adversus

254 2647 353 2722 flaret,
387 2643 517 2705 cordatis
548 2642 681 2704 consiliis
708 2650 738 2704 et
764 2644 883 2705 monitis
910 2643 1057 2708 cohibitus
1086 2655 1141 2722 est,

254 2747 339 2824 cujus
366 2744 411 2805 rei
434 2762 554 2804 scenam
578 2744 636 2803 boc
661 2744 825 2822 aenigmate
852 2763 1022 2824 expressam
1051 2747 1142 2824 volui,

253 2848 323 2910 lum
342 2843 468 2908 liberior
486 2862 559 2902 aura
579 2844 682 2904 detor:

275 2944 453 3026 Vespasiani
473 2944 657 3019 nundinatio,
680 2943 781 3020 Sejani
802 2944 998 3024 participatio,

274 3046 366 3125 adyti
387 3043 558 3118 dominatio,
681 3042 790 3104 Curiae
811 3043 974 3121 altercatio,

274 3148 353 3208 Arae
373 3144 543 3217 exinanitio,
678 3144 778 3204 Aratri
799 3145 927 3221 exuctio,

275 3249 387 3327 Legum
407 3244 587 3320 annihilatio,
679 3244 787 3305 Damni
808 3245 986 3320 extenuatio,

276 3347 437 3408 Mallorum
456 3344 646 3424 praesumtio,
682 3345 876 3410 Confusionis
896 3344 1087 3419 continuatio,
1164 3401 1166 3407 .

277 3447 386 3527 l’opuli
406 3445 593 3521 abalienatio,
681 3445 735 3506 Est
745 3444 857 3523 publici
869 3451 963 3508 status
972 3443 1141 3510 destructio.

323 3607 353 3676 l)
371 3605 440 3660 Cod.
457 3610 488 3663 B.
508 3615 536 3662 et
552 3627 588 3664 a:
612 3625 771 3678 quanquam.
