3025 4409
335 514 377 573 ps
620 504 703 559 tiber
720 506 737 557 t.
773 498 960 559 teet-toll.

337 664 417 726 nime
438 660 580 725 secundis
600 662 780 724 interessem
796 661 1008 741 Stuttgerdiee,
1030 662 1119 739 cujus
1139 660 1239 721 inteli-

338 764 434 826 eitetis
452 763 555 825 nescio
566 783 604 823 an
620 782 683 822 uon
699 781 790 823 omen
800 762 891 823 luerit
911 780 986 841 grex
999 779 1165 840 porcorum
1176 761 1239 838 ⁵⁴),

337 866 389 947 qui
407 866 557 945 hospitum
575 863 684 923 seriem
701 862 740 922 ed
752 862 814 922 lani
826 882 912 923 sucre
923 862 1138 941 procedentem
1150 862 1241 942 plone

338 962 554 1029 interturbevit.
598 963 749 1044 Quicquid
779 963 845 1039 ejus
871 970 933 1036 est,
962 962 1022 1023 viri
1050 963 1155 1043 optimi
1176 964 1240 1023 lor-

339 1078 411 1131 tune
425 1064 523 1127 omnis
540 1064 577 1123 eb
594 1064 713 1142 impuro
732 1063 885 1123 hominnm
897 1082 1008 1142 genere
1018 1063 1241 1142 propemodum

338 1185 445 1229 eversu
473 1172 534 1239 est,
563 1184 631 1225 curn
652 1164 802 1225 foeminae
823 1163 1002 1224 luxuriantis
1023 1165 1143 1225 tlrornm
1165 1182 1240 1223 cou-

339 1266 514 1339 temiueute‚
546 1273 607 1326 tum
638 1264 756 1344 culpem
786 1264 835 1325 vel
862 1273 982 1343 tegente
1013 1265 1062 1325 vel
1092 1263 1239 1325 elevante.

338 1368 402 1429 bno
423 1374 583 1445 postquem
602 1366 721 1427 tandem
738 1366 810 1443 jure
831 1366 979 1444 egendum
991 1376 1081 1440 esset,
1102 1365 1239 1443 bincpo-

338 1467 413 1529 tenti
433 1466 543 1527 lumilie
563 1466 750 1540 adversante,
773 1465 856 1525 illinc
876 1466 1056 1545 propinquis
1077 1473 1108 1526 et
1121 1466 1239 1526 amicis-

338 1568 421 1631 simis
443 1565 668 1641 deserentibus,
691 1568 755 1643 J'em
777 1568 1032 1629 succumbendum
1053 1566 1155 1641 annis,
1184 1566 1240 1625 im-
1346 1606 1353 1614 «

338 1668 441 1749 pensis
469 1675 499 1727 et
525 1666 633 1727 dolore
659 1666 755 1742 lesse,
784 1668 939 1729 innocenti
966 1675 1045 1741 eret,
1073 1668 1132 1728 nisi
1152 1670 1239 1728 Dens

337 1769 486 1849 peteleeto
513 1766 629 1828 scelere
657 1777 830 1847 opportune
851 1770 1060 1831 succurrisset.
1101 1768 1172 1829 Non
1195 1777 1240 1829 te-

337 1890 405 1931 men
428 1889 485 1950 ego
507 1888 576 1930 cum
597 1869 732 1931 Resoldo
754 1889 802 1929 me
823 1870 967 1945 subduxi,
990 1870 1043 1931 sed
1065 1890 1124 1950 que
1143 1871 1240 1930 lemae

338 1968 396 2031 viri
412 1968 559 2045 custodie,
581 1988 640 2050 que
658 1972 739 2050 epud
757 1969 871 2031 amicos
890 1970 1128 2049 em[in]eutiores
1145 1972 1240 2031 iuter-

337 2072 477 2133 cessione
497 2070 581 2131 visus
603 2090 668 2131 sum
690 2070 825 2131 nonnihil
848 2070 916 2149 opis
937 2072 1117 2148 contulisse,
1145 2072 1186 2133 ob
1207 2068 1240 2132 id

338 2172 426 2234 etiem
447 2170 485 2231 eb
506 2170 616 2231 invidis
643 2177 764 2230 notatus
792 2176 823 2228 et
847 2170 999 2233 deteriore
1018 2171 1091 2234 loco
1110 2173 1239 2248 babitus,

339 2272 430 2332 didici
450 2270 540 2348 hujus
563 2271 716 2350 exemplo,
739 2276 883 2351 qnantum
903 2270 950 2332 vis
972 2279 1003 2333 et
1017 2274 1071 2350 jus
1090 2274 1238 2351 differant,

337 2374 446 2453 exigue
479 2370 633 2432 literarum
668 2370 904 2451 transpositione
938 2372 1099 2435 dissimiles
1134 2394 1238 2450 voces,

336 2480 430 2557 prout
449 2472 480 2533 in
501 2470 711 2553 grammaticos
731 2470 885 2533 incidunt.

379 2573 535 2653 'lubingee
562 2579 700 2654 quartum
727 2572 868 2634 restituto
894 2572 973 2633 vitae
998 2592 1079 2633 nova
1104 2574 1240 2636 subsidia

337 2676 510 2759 quaerenda
530 2684 624 2750 erant,
646 2692 723 2755 qnae
743 2693 835 2753 snpra
856 2692 941 2754 spem
962 2672 1063 2734 subito
1085 2686 1116 2735 et
1133 2683 1239 2755 optato

338 2778 484 2857 obtigere.
516 2774 593 2837 Nem
615 2774 783 2835 conductus
804 2794 871 2835 sum
885 2772 991 2836 studiis
1003 2774 1132 2855 Philippi
1142 2776 1239 2838 Eber-

338 2879 424 2941 herdl
446 2875 639 2955 Gemmiugii,
667 2873 879 2954 Reppeneviee
900 2880 930 2934 et
949 2876 1153 2937 Butteuhusee
1175 2878 1239 2939 Do·

339 2980 426 3056 mini,
453 2977 507 3038 lilii
532 2996 620 3057 quem
647 2974 876 3049 modestissimi,
903 2975 997 3054 patris
1022 2976 1075 3056 qui
1095 2998 1238 3039 cousum-

338 3087 436 3143 metae
460 3076 581 3139 virtutis
607 3076 752 3151 vireret,
782 3076 901 3138 aemuli.
944 3077 992 3139 Ad
1016 3099 1107 3160 quem
1127 3078 1239 3141 missos

338 3178 560 3260 Reppeneviem
582 3178 613 3238 in
636 3176 844 3255 Cruicbgoiem
870 3196 968 3257 prope
989 3179 1170 3259 Wimpinem
1196 3180 1237 3240 si-

339 3290 407 3357 tem,
428 3280 517 3341 nimis
538 3298 629 3360 quem
649 3276 814 3338 liberaliter
834 3276 961 3354 babitus,
984 3287 1014 3341 et
1034 3278 1185 3360 stipendio
1206 3279 1236 3340 in

339 3381 470 3463 speciem
492 3379 651 3454 mediocri,
674 3398 707 3439 re
729 3378 794 3458 ipse
815 3397 899 3453 vero,
921 3400 1010 3460 quem
1031 3401 1163 3462 unquam
1183 3398 1239 3440 en·

338 3490 386 3545 tce
406 3500 594 3563 acceperam,
619 3479 741 3542 lautiori
761 3478 919 3540 devinctus
940 3500 1015 3543 sum.
1059 3481 1169 3543 Omnia
1190 3480 1237 3542 lric

339 3584 377 3647 ed
402 3592 506 3649 nutum
534 3590 633 3659 erent,
662 3588 808 3662 petronus
833 3590 953 3660 praeter
978 3600 1075 3643 rerem
1096 3582 1237 3663 pietatem
