3025 4409
432 483 532 538 Obitus
549 483 671 540 lietoldi.
696 484 850 544 Eberhardi
868 485 1014 540 restitutio.
1115 493 1174 558 179

276 647 306 700 et
325 658 487 704 successor
507 661 592 704 rneus
612 641 715 706 nullus
735 641 876 721 negligat.
920 643 1086 710 Deficiente
1106 652 1170 710 tan-

273 741 341 802 dem
368 759 464 815 anno,
498 741 568 806 dum
595 743 736 822 princeps
763 742 854 806 rebus
882 743 1028 808 ecclesiae
1054 751 1170 809 restru-

273 841 376 903 randis
402 842 483 903 serio
505 842 663 918 incumbit,
690 844 749 905 mei
771 844 857 904 etiam
879 844 1050 906 meminisse
1071 852 1101 906 et
1120 865 1169 906 re-

269 941 330 1004 bus
356 942 395 1004 ud
422 943 577 1022 pristinam
603 944 708 1005 faciem
729 943 908 1006 revocandis
929 964 1117 1025 praeponere
1138 947 1168 1008 in

268 1043 401 1106 animum
416 1044 542 1106 induxit.
562 1044 645 1122 Ergo
662 1064 731 1105 oum
738 1045 877 1108 iohanne
887 1045 1044 1108 loaclrimo
1053 1047 1166 1110 Schiie·

269 1139 414 1219 lino¹⁸⁰)
441 1143 649 1208 Censtadiensi
669 1145 800 1206 antistite
827 1147 864 1208 ad
887 1166 921 1208 se
944 1149 1077 1223 vocavit,
1103 1168 1167 1210 onr-

268 1263 339 1306 uem
356 1245 447 1308 animi
466 1246 702 1325 propensionem
713 1244 909 1329 exhibiturus.
941 1248 1002 1312 Sed
1022 1248 1168 1312 interces-

270 1346 310 1410 sit
336 1345 486 1408 columnio
510 1344 646 1425 Tubinga
671 1365 841 1424 prorepens
869 1346 1052 1430 auribusque
1083 1349 1167 1430 prin·

269 1447 347 1527 cipis
372 1446 485 1528 aliquid
506 1446 644 1508 venenati
665 1445 865 1522 susurri¹⁸')
887 1447 1052 1520 insinuans,
1094 1452 1167 1514 Per-

269 1547 343 1609 vicit
352 1555 451 1610 temen
462 1547 606 1628 principis
619 1547 805 1627 magnanima
815 1546 933 1624 fiducia,
945 1555 979 1612 ut
992 1551 1030 1615 ed
1043 1553 1091 1616 16.
1105 1554 1167 1614 De·

268 1647 365 1710 cemb.
387 1668 454 1712 oum
476 1649 567 1712 fratre
587 1647 704 1723 Ulrico,
726 1645 809 1710 omni
830 1646 913 1721 aula,
935 1649 1032 1726 curie,
1052 1652 1168 1730 patriae

268 1748 444 1824 ordinibus,
465 1757 495 1810 et
514 1767 676 1811 numerosa
697 1746 785 1827 plebe
806 1767 853 1810 me
874 1747 974 1812 locum
996 1750 1082 1814 Pauli
1101 1752 1166 1816 Ro·

269 1868 347 1911 man.
360 1849 415 1910 IX.
431 1867 459 1912 v.
477 1849 517 1910 13
537 1849 575 1910 de
596 1846 803 1927 gemellorum,
828 1846 935 1910 iacobi
955 1848 1116 1914 dilectione
1138 1861 1167 1919 et

267 1949 361 2012 Esovi
387 1949 459 2011 odio
488 1949 685 2029 explicantem
718 1948 749 2009 in
777 1948 862 2010 aulae
890 1951 1022 2018 sacrario
1049 1951 1167 2014 audiret

267 2061 298 2114 et
318 2051 479 2112 admodum
498 2048 689 2129 approbaret.
729 2050 858 2131 Vesperi
879 2050 1058 2118 Schiielinus
1080 2051 1165 2116 audi-

266 2160 318 2214 tos
346 2158 376 2213 et
401 2149 539 2212 laudatus
560 2158 620 2224 est,
646 2150 761 2232 luimue
789 2152 863 2214 baec
889 2151 952 2214 dies
979 2150 1113 2216 solennis
1135 2160 1166 2214 et

266 2253 361 2327 testa,
396 2270 456 2332 qua
481 2258 552 2329 post
583 2249 668 2314 triste
694 2251 838 2332 principis
866 2252 987 2318 exilium
1012 2250 1165 2318 reclusum

266 2352 398 2432 primum
419 2351 581 2414 sacrarium
600 2358 648 2412 est
671 2359 702 2413 et
721 2352 838 2432 puriori
864 2352 958 2418 cultui
985 2352 1164 2419 restitutum.

266 2454 373 2516 Altera
392 2452 441 2516 die
460 2451 605 2531 principis
625 2454 772 2516 sententia
792 2453 920 2532 primum
944 2453 1084 2533 privatim
1110 2473 1164 2518 au-

265 2554 316 2618 lae
337 2553 539 2628 ecclesiastae,
549 2550 735 2616 rodentem
755 2553 956 2632 professionis
976 2553 1164 2634 theologicae

267 2662 299 2716 et
331 2653 438 2716 summi
469 2651 572 2732 templi
597 2651 800 2732 Smttgardiae
834 2661 1005 2733 pastoratus
1031 2655 1164 2718 inumeris

267 2754 354 2836 optio
383 2754 484 2829 datur,
513 2773 590 2834 quae
616 2752 734 2832 singule
759 2773 826 2818 oum
848 2755 979 2819 humeris
999 2755 1075 2820 meis
1096 2775 1164 2842 gra·

268 2855 356 2918 viora
379 2871 591 2935 agnoscerem,
617 2853 767 2918 lumiliter
792 2875 858 2920 sum
884 2855 1072 2935 deprecatus.
1114 2857 1163 2923 ln-

268 2956 344 3020 stitit
363 2962 461 3020 tamen
482 2954 636 3034 princeps,
659 2960 771 3018 etcum
784 2963 967 3034 postremam
980 2955 1163 3024 tunsionem

266 3057 300 3122 in
311 3055 506 3120 Scbiielinom
524 3062 555 3117 et
572 3055 672 3133 ipsum
690 3054 850 3118 admodum
871 3053 1067 3120 reluctantem
1087 3075 1163 3126 con-

267 3157 396 3232 missor,
417 3163 452 3221 ut
472 3176 510 3218 ex
530 3155 683 3236 prioribus
704 3153 820 3220 duabus
840 3171 929 3222 unam
948 3153 1087 3234 eligerem
1107 3176 1164 3236 per

269 3257 450 3324 sanctiorem
476 3264 613 3322 semum
638 3256 829 3321 venementer
856 3254 1019 3320 contendit.
1062 3257 1162 3323 Exau-

269 3358 344 3422 dirit
370 3363 468 3422 mmeu
494 3356 634 3438 querelae
661 3375 742 3420 mem
772 3355 810 3420 de
831 3353 943 3434 ingenii
964 3357 1162 3437 corporisque

270 3457 403 3534 delectu,
432 3467 462 3519 et
482 3458 565 3539 qnod
585 3458 616 3518 in
636 3457 715 3518 votis
736 3455 858 3520 unicum
879 3464 956 3533 erat,
983 3456 1054 3522 mibi
1073 3465 1162 3536 etque

269 3557 354 3634 meis,
375 3577 444 3620 cnm
465 3558 639 3619 clementiae
660 3556 820 3636 singularis
840 3557 994 3624 luculenta
1014 3555 1161 3638 significe-

478 3683 482 3688 -
944 3653 1014 3716 12*
