3025 4409
549 520 751 590 Desperatione
766 519 928 574 conteritur.
1123 528 1184 587 271

289 676 370 736 lente
391 685 422 738 et
441 677 565 738 sordide
586 677 687 738 soluto
710 676 861 757 stipendio
882 676 1020 756 frigidum
1035 677 1186 753 instruxit,

288 779 363 838 boec
375 778 499 857 corpori
518 798 579 839 nou
591 777 751 838 infeliciter
769 777 930 838 consuluit.
963 777 1086 838 Addidit
1102 779 1185 839 dono

289 879 434 957 elegantis
460 879 574 940 formae
598 886 629 939 et
653 878 746 937 mirae
768 878 906 956 agilitatis
928 878 1111 938 cantherium
1135 881 1185 942 16.

289 979 372 1056 Sept.
395 986 425 1038 et
446 988 552 1040 contra
573 979 738 1039 molossum
760 978 908 1058 anglicum
930 977 1097 1058 aprincipe
1111 981 1185 1042 hero

288 1098 356 1139 meo
387 1081 438 1140 26.
456 1079 530 1156 Maji
561 1079 642 1139 dono
677 1079 776 1139 datum
809 1078 1031 1158 perhumaniter
1063 1081 1186 1159 aceepit.

287 1179 454 1259 Accessere
491 1180 578 1240 ctiam
612 1178 779 1259 principum
811 1180 979 1256 juventutis
1013 1181 1187 1242 Brunoniae

287 1278 445 1360 utriusque
474 1299 565 1341 sexus
593 1279 869 1359 indulgentissimae
903 1281 1022 1355 literae,
1054 1283 1116 1358 jam
1147 1281 1186 1341 ad

288 1379 362 1440 duas
388 1399 483 1440 novas
505 1380 657 1441 centurias
677 1401 824 1442 unacum
847 1383 1012 1443 Wiirtemb.
1033 1381 1119 1442 brevi
1138 1381 1186 1441 ln-

288 1498 353 1538 cem
373 1479 507 1554 usuras,
534 1500 729 1560 progressae,
757 1488 844 1559 an'ns
871 1483 1000 1563 ingentis
1023 1493 1052 1544 et
1073 1480 1186 1544 insoliti

290 1579 399 1642 favoris
421 1578 678 1653 nutrimentum*)
698 1581 846 1642 cimelium
867 1603 990 1643 aureum
1015 1582 1102 1662 pretii
1124 1582 1185 1642 36⁰

288 1680 393 1740 floren.
416 1680 447 1740 in
472 1681 582 1740 familia
608 1701 674 1741 mea
699 1700 768 1741 cum
793 1681 888 1742 nobili
910 1683 1021 1743 unione
1043 1683 1187 1760 principis

288 1779 423 1858 Sibyllae
444 1780 571 1841 Ursulae
593 1782 736 1842 donativo
764 1790 866 1842 extare
892 1783 976 1843 volui
1009 1784 1039 1843 3.
1059 1782 1185 1842 Octobr.

288 1888 319 1941 et
340 1882 368 1940 7.
386 1881 470 1958 Maji.
510 1883 578 1944 Nec
599 1884 693 1944 deluit
712 1883 800 1943 etiam
822 1903 889 1944 cnm
913 1903 1014 1944 coram
1037 1895 1099 1943 tum
1120 1883 1187 1944 lite-

289 1982 331 2043 ris
351 1983 515 2061 perillustr.
532 1984 658 2046 Castelli
675 2003 778 2045 comes
792 2003 926 2062 magona,
948 1983 1048 2044 curiae
1066 1991 1188 2044 nostrae
1283 1989 1288 2000 '

288 2083 443 2162 magister,
472 2085 575 2144 lavore
596 2085 816 2165 autoritateque
838 2103 905 2158 sua,
928 2084 1017 2145 etiam
1039 2086 1077 2146 de
1097 2085 1188 2146 natali

288 2203 357 2244 meo
377 2185 429 2246 67.
449 2186 661 2249 humanissime
681 2185 751 2246 mibi
772 2185 936 2263 gratulatus
957 2187 1007 2246 24.
1019 2186 1094 2265 Aug.
1137 2187 1188 2247 Vi-

288 2285 375 2345 derat
394 2286 482 2346 etiam
503 2307 560 2366 pro
581 2307 707 2349 munere
732 2305 789 2347 suo
814 2286 993 2346 afflictiones
1014 2293 1135 2348 nostras
1159 2293 1188 2346 et

288 2385 427 2466 querelas
442 2388 556 2449 audivit
567 2389 759 2469 praepositus
767 2385 1014 2466 Stutgardianns²
1023 2384 1035 2418 ⁹
1044 2385 1085 2463 ⁶),
1097 2406 1189 2466 aeger

287 2495 350 2546 urm
366 2486 431 2564 ipsc
448 2507 589 2571 corpore,
611 2508 742 2571 suasque
764 2493 865 2566 partes
885 2487 1133 2566 interpositurour
1156 2489 1186 2549 in

289 2605 323 2646 se
336 2586 459 2665 recepit,
477 2589 562 2650 nullo
577 2591 721 2651 hactenus
735 2597 842 2650 nostro
858 2588 1068 2662 allevamento,
1090 2589 1188 2650 irrita-

288 2687 327 2747 tis
346 2706 422 2747 vero
443 2688 537 2768 magis
557 2690 711 2771 magisque
732 2689 837 2750 animis
858 2687 963 2748 alienis
981 2688 1189 2770 malorumque

289 2787 527 2851 fabricatoribus.
581 2792 627 2852 ele
654 2792 724 2851 mibi
751 2790 872 2872 quidem
900 2791 974 2850 baec
1000 2789 1132 2852 claustra
1160 2798 1190 2852 et

288 2892 372 2952 arida
401 2898 523 2973 tesqua,
555 2891 607 2952 ubi
640 2891 759 2952 coelum
789 2891 895 2952 iratum
927 2909 1033 2952 omnes
1064 2891 1189 2968 iujurias

288 3001 446 3068 exonerat,
468 3011 582 3053 averno
601 2992 765 3072 persimilia
784 2992 939 3069 videntur,
960 2991 1013 3054 nbi
1033 2991 1090 3054 sub
1111 2993 1189 3054 truci

288 3093 494 3174 immobilique
511 3094 717 3155 Rhadamanto
737 3101 769 3154 et
788 3093 915 3154 latrante
931 3091 1069 3154 Cerbero
1085 3093 1188 3173 flagel—

290 3193 354 3254 lent
361 3195 480 3271 Furiae,
492 3195 640 3276 Sisyphus
653 3200 735 3255 rotet
745 3213 859 3269 saxum,
875 3195 1071 3256 Prometheus
1086 3204 1188 3274 pascat

290 3294 456 3371 vulturem,
478 3295 621 3358 Tantalus
642 3313 717 3356 vero
738 3296 892 3376 epuletur,
913 3297 1025 3359 nemini
1046 3295 1103 3356 uisi
1124 3303 1188 3357 tor·

269 3380 407 3457 'toribus
431 3396 510 3458 bene
537 3398 593 3472 sit,
624 3405 655 3459 et
675 3397 796 3476 impune
822 3417 912 3477 agere
938 3397 1039 3473 liceat,
1074 3397 1128 3458 sed
1150 3397 1188 3458 de

292 3523 491 3538 Ἢ

338 3662 342 3668 .
359 3607 386 3677 *l
401 3607 471 3664 cod.
487 3629 524 3667 a:
544 3612 747 3668 munbnentum.
