3025 4409
455 498 584 552 Solamen
601 515 617 552 e
635 497 748 553 Lntheri
765 496 844 552 libris
862 497 997 552 haustum.
1113 507 1173 566 149

274 657 451 731 destituere,
472 657 516 716 illi
537 655 586 716 vel
606 655 747 716 locorum
767 653 943 730 intervallo,
965 653 1014 716 vel
1036 654 1171 718 obsessis

272 758 310 818 ab
332 758 445 818 infesto
465 755 558 817 milite
580 755 635 816 viis
657 756 788 830 exclusi,
817 756 846 816 hi
867 776 924 817 suo
941 754 1058 832 jndicio
1080 754 1170 817 abso-

269 843 338 934 luti,
354 864 388 918 ut
402 857 558 932 discerem,
573 863 717 936 quantum
732 857 877 918 honestae
889 855 1072 935 paupertatis
1083 875 1170 934 prae-

272 965 361 1036 cepta
381 957 459 1017 iuter
480 977 555 1036 opes
566 963 715 1034 concepta
732 977 790 1017 usu
804 957 872 1036 ipso
894 957 1029 1040 valerent
1050 964 1170 1038 atquae

270 1057 510 1138 aequanimitatis
527 1056 647 1118 satietas
666 1055 804 1137 adeoque
823 1057 963 1137 voluptas
985 1065 1073 1119 esset.
1108 1057 1170 1120 Cu-

266 1161 321 1236 jus
343 1157 465 1238 gratiam
486 1159 554 1218 Deo
575 1177 623 1217 me
645 1155 756 1216 debere
776 1157 874 1220 libens
895 1158 1055 1237 profiteor3
1077 1159 1170 1222 nihilo

271 1258 343 1320 milri
363 1258 471 1331 minor,
493 1257 587 1318 nihilo
608 1257 695 1318 etiam
716 1257 929 1338 indiligentior,
951 1259 1004 1320 sed
1024 1279 1081 1320 nec
1101 1280 1170 1339 per-

272 1358 405 1419 ditorum
432 1357 583 1419 desiderio
604 1356 731 1418 afflictus
758 1370 810 1421 aut
829 1359 1012 1439 reparandae
1034 1361 1171 1422 fortunae

271 1459 393 1534 avidus,
422 1478 479 1518 nec
505 1458 657 1520 irritornm
685 1467 732 1520 tot
757 1459 896 1524 laborum
918 1461 1092 1540 poenitenS,
1122 1461 1171 1522 vel

273 1562 435 1623 memoriae
451 1558 537 1640 quasi
551 1558 629 1620 iuter
647 1560 782 1620 homiues
796 1561 944 1621 extinctae
958 1560 1075 1622 dolens.
1107 1563 1170 1624 Ro-

207 1676 211 1680 '
272 1663 350 1724 bore
364 1664 422 1723 hoc
441 1680 503 1721 nou
515 1675 560 1720 'ex
572 1659 675 1720 Stoica
688 1668 740 1720 aut
755 1660 883 1720 aliorum
897 1659 1074 1724 ldeistarum
1089 1681 1171 1740 penu

273 1764 383 1843 petito,
405 1763 460 1824 sed
480 1760 672 1821 meditatione
688 1761 827 1822 vanitatis
843 1760 988 1820 humanae
1010 1769 1040 1822 et
1061 1762 1170 1824 intuitu
1281 1783 1283 1790 ·

271 1862 507 1944 perfectissimae
527 1861 606 1921 vitae
627 1858 738 1921 Christi
759 1861 922 1942 acquisito,
944 1863 1031 1939 cnjus
1051 1861 1170 1923 institu-

272 1964 387 2025 tionem
408 1963 556 2024 botherus
582 1967 687 2020 noster
712 1961 815 2022 divino
839 1961 892 2022 illo
914 1961 944 2022 in
966 1961 1170 2024 ecclesiastem

273 2064 447 2126 Salomonis
459 2061 673 2123 commentario
687 2063 750 2140 jam
766 2062 877 2124 dudum
893 2063 1106 2141 suppeditavit,
1125 2064 1169 2125 vi-

272 2187 344 2230 vum
365 2163 540 2226 exercitium
560 2162 755 2244 magisque*)
783 2161 967 2238 conciliavit,
995 2166 1078 2224 Deus
1105 2164 1169 2243 ipse

273 2266 442 2328 incredibili
462 2264 683 2350 tranquillitatis
704 2284 797 2326 sensu
819 2262 995 2342 obsignavit.
1040 2265 1169 2328 Secutus

275 2368 444 2446 trigesimus
470 2366 608 2446 quintus,
635 2365 687 2445 qui
715 2364 843 2426 carceris
866 2365 923 2426 mei
949 2363 1094 2444 appellari
1113 2385 1170 2444 po-

274 2477 346 2543 test,
372 2468 403 2529 in
430 2465 613 2546 paupertatis
635 2465 848 2541 contubernio,
881 2468 962 2547 quod
984 2466 1170 2546 paradoxum

275 2571 388 2644 audiat,
410 2589 471 2650 qua
487 2587 613 2646 corpus,
635 2587 695 2647 qua
711 2567 841 2628 animum
856 2567 973 2629 duabus
995 2567 1104 2643 tertiis,
1126 2567 1169 2630 sic

276 2671 348 2732 satis
368 2669 526 2730 commode
547 2675 595 2729 est
614 2675 747 2729 exactus,
781 2668 879 2730 Prima
899 2668 930 2728 in
952 2668 1103 2730 conducto
1118 2668 1170 2728 ha-

277 2771 381 2832 bitatio
407 2768 533 2847 contigit
555 2768 586 2829 in
614 2769 755 2832 Matthaei
776 2768 909 2848 Hepperi
934 2768 1069 2846 aedibus,
1094 2789 1170 2850 quas

274 2890 389 2952 genero
409 2868 572 2930 Francisco
593 2869 797 2948 Ergezingero
826 2869 905 2930 dotis
931 2869 1052 2932 nomine
1079 2869 1171 2945 dedit,

274 2970 442 3050 hospitibus
467 2969 628 3031 admodum
658 2969 736 3030 bene
763 2969 933 3032 volentibus
959 2978 990 3032 et
1016 2969 1170 3033 officiosis.

275 3074 368 3134 Arete
394 3071 514 3153 quidem
534 3070 732 3145 habebamus,
761 3071 815 3130 sed
836 3071 946 3134 laxavit
966 3071 1093 3134 familiae
1114 3071 1170 3133 ob-

276 3173 423 3254 sequium,
444 3172 542 3232 donec
562 3170 686 3250 publico
708 3171 876 3234 diversorio
897 3172 984 3235 locus
1005 3175 1093 3234 datus
1114 3180 1168 3247 est,

277 3274 365 3349 cnjus
391 3271 518 3351 strepitu
547 3278 578 3332 et
597 3271 716 3333 militari
735 3273 924 3351 potissimum
944 3273 1103 3336 insolentia
1123 3275 1168 3334 in-

276 3373 356 3434 vitus
372 3375 484 3436 secessi
501 3373 531 3434 in
544 3372 752 3453 christopheri
764 3374 870 3452 Majeri
886 3374 976 3436 aedes
995 3383 1025 3438 et
1044 3373 1168 3454 amplio-

312 3586 338 3654 ⁴)
356 3585 422 3640 Cod.
440 3588 462 3640 Α
479 3592 508 3640 et
523 3586 558 3640 B:
576 3586 662 3658 magis
680 3587 828 3658 magisque.
