3025 4409
345 507 406 572 17⁰
610 495 694 552 hlher
708 494 753 552 lv.
788 494 971 552 1630-4639.

343 661 448 734 ritum,
474 655 561 736 isque
584 654 616 714 in
642 673 738 716 meam
765 654 989 716 familiaritatem
1016 654 1164 730 venisset,
1187 656 1241 732 ju'-'

344 759 443 823 cunda
461 756 622 818 admodum
643 756 709 834 ejus
725 755 918 818 conversatio
938 753 1154 835 aliquantisper
1173 754 1238 817 luit.

344 863 386 925 At
404 866 564 941 postquam
589 859 651 919 dux
670 857 863 919 Bernhardus
890 856 1111 936 exinproviso
1132 857 1239 919 Rheno

344 969 487 1044 superato
508 959 679 1022 citeriorem
701 960 766 1037 ejus
787 966 901 1039 partem
921 966 1109 1040 occupasset,
1131 959 1241 1022 tumul-

345 1065 442 1128 tuarie
469 1064 526 1144 ipsi
554 1081 729 1136 occursum,
760 1062 814 1122 sed
835 1061 1001 1124 infeliciore
1021 1062 1117 1123 Marte
1140 1062 1190 1124 25.
1211 1067 1241 1122 et

345 1167 396 1229 12.
407 1163 473 1226 Cal.
488 1163 576 1226 Febr.
596 1164 636 1224 ad
661 1163 867 1252 Rheinleldam
887 1170 1066 1245 pugnatum,
1093 1161 1146 1225 ubi
1168 1179 1241 1243 pro-

344 1267 446 1347 lligato
481 1264 627 1342 exercitu,
669 1263 875 1347 capitibusque
907 1265 1014 1346 captis,
1055 1283 1092 1325 ex
1131 1263 1241 1345 quibus

344 1368 487 1431 Wollfius
511 1371 616 1429 noster
640 1373 712 1446 post
738 1367 909 1430 octimestre
936 1367 1054 1428 demum
1072 1364 1242 1428 libertatem

344 1469 472 1549 recepit,
506 1469 602 1530 omnis
631 1467 713 1533 belli,
730 1467 826 1529 moles
851 1467 941 1530 nobis
970 1468 1069 1530 subito
1096 1466 1240 1530 incubuit.

345 1573 482 1652 Cumque
502 1568 687 1632 Vinariensis
713 1569 745 1630 in
766 1589 824 1632 nos
845 1569 918 1630 nihil
938 1569 1047 1632 hostile
1072 1569 1241 1647 moliretur,

345 1679 460 1736 tantum
491 1677 688 1733 commeatum
714 1678 836 1752 caperet
863 1678 892 1733 et
923 1670 1108 1732 caesarianas
1139 1659 1241 1751 partes
1305 1750 1311 1758 ,

345 1781 592 1856 persequendum
624 1775 733 1836 exinde
765 1793 835 1836 reos
866 1791 924 1834 nos
953 1771 1039 1852 quasi
1065 1772 1243 1834 delectionis

346 1876 432 1953 fecit,
465 1883 495 1938 et
520 1875 678 1956 plurimam
705 1875 795 1937 nobis
824 1875 966 1952 deinceps
993 1871 1107 1934 cladem
1133 1874 1242 1936 intulit.

345 1977 410 2039 Etsi
442 1977 521 2039 enim
551 1977 614 2054 jam
647 1976 790 2056 principis
825 1973 989 2035 Eberhardi
1022 1975 1170 2037 restitutio
1204 1976 1242 2036 ad

346 2077 605 2153 antoanam,
627 2078 680 2158 qui
700 2075 854 2152 Friderici,
878 2075 1022 2138 destinata
1045 2083 1121 2153 erat,
1149 2077 1242 2138 adeo-

345 2199 405 2263 que
425 2199 488 2243 non
508 2183 568 2240 tarn
587 2178 679 2239 frater
689 2174 944 2254 Fridericus¹⁷⁸)
960 2178 1025 2256 ejus
1036 2177 1146 2240 laetum
1164 2198 1242 2240 nun-

345 2281 426 2344 cium
453 2301 491 2342 ex
511 2279 580 2341 aula
606 2279 737 2342 caesaris
758 2281 865 2353 ferret,
893 2298 982 2360 quam
1007 2279 1072 2359 ipse
1092 2279 1243 2341 Eberhar-

345 2383 404 2446 dus
423 2383 627 2456 adventasset,
654 2386 782 2461 uterque
808 2385 908 2442 tamen
929 2379 1112 2460 Stuttgardia
1133 2387 1242 2443 contu-

345 2482 473 2546 meliose
493 2480 617 2557 exclusi,
639 2480 687 2541 hic
709 2480 798 2542 etiam
818 2480 849 2542 in
871 2481 933 2543 suis
954 2482 1033 2562 agris
1053 2501 1151 2562 prope
1165 2482 1242 2544 Blo-

346 2584 481 2666 chiugam
501 2603 520 2644 a
537 2582 723 2664 praedonum
743 2581 836 2662 globo
865 2582 950 2663 equis
972 2591 1002 2645 et
1022 2581 1240 2663 impedimentis

344 2687 445 2767 magni
470 2684 560 2766 pretii
585 2689 707 2759 exutus,
733 2685 786 2744 vix
811 2684 927 2763 pernici
955 2703 1034 2767 equo
1061 2703 1095 2746 se
1121 2682 1240 2763 eripuit.

345 2787 419 2850 lnde
439 2785 531 2848 rebus
552 2787 590 2847 ad
609 2787 746 2847 Rhenum
767 2783 884 2847 afflictis
905 2785 1097 2848 restituendis
1112 2784 1242 2847 submis-

345 2906 399 2951 sus
425 2907 493 2950 cum
519 2887 632 2968 ingenti
657 2885 792 2948 exercitu
816 2884 969 2948 lohannes
997 2906 1099 2949 comes
1127 2886 1241 2949 Gezius

345 3007 479 3052 summus
498 2988 674 3069 imperator,
696 2986 770 3050 nihil
789 2985 871 3065 prius
892 2986 1007 3065 habuit,
1036 3006 1124 3070 quarn
1145 3007 1163 3048 a
1183 3004 1242 3049 no-

343 3087 392 3151 bis
405 3095 440 3152 ut
458 3108 573 3170 poenas
587 3094 676 3171 atque
694 3086 866 3150 durissimas
882 3088 1024 3169 exigeret,
1046 3093 1162 3152 vastato
1184 3089 1241 3151 ho-

345 3189 407 3256 stili
426 3209 512 3253 more
530 3208 622 3270 agro,
650 3188 776 3252 urbibus
802 3187 939 3270 direptis,
966 3190 1058 3252 caede
1084 3194 1114 3251 et
1141 3189 1241 3251 omnis

344 3291 464 3375 generis
492 3290 672 3354 immanitate
704 3291 856 3368 saeviens,
888 3297 922 3354 ut
950 3290 1047 3371 prima
1079 3289 1240 3369 occupatio

344 3413 418 3476 prae
437 3394 494 3456 hac
519 3391 670 3454 revisione
690 3393 785 3454 amic'a
809 3391 944 3472 plurimis
970 3390 1036 3454 visa
1055 3393 1104 3455 sit.
1146 3391 1241 3468 Quic-

346 3495 420 3577 quid
439 3494 518 3558 euim
539 3514 578 3556 ex
597 3493 785 3575 quadriennii
798 3492 887 3571 hujus
900 3491 1065 3555 adamitae
1084 3492 1241 3573 superfuit,

345 3612 435 3660 omne
461 3595 535 3660 heac
554 3611 669 3676 vorago
689 3591 849 3674 absorpsit.
895 3591 987 3676 Atqui
1002 3595 1066 3673 jam
1087 3591 1241 3676 cuperus
