3025 4409
331 504 371 562 64
602 494 684 547 hiber
699 494 730 546 ll.
764 491 950 547 ruta-tow.

333 653 476 731 Vaihinga
496 670 535 711 ex
555 648 707 710 cineribus
728 650 816 729 quasi
834 648 993 709 videbatur
1012 668 1030 707 e
1049 658 1168 708 centum
1182 652 1231 708 vi-

332 753 406 833 ginti
431 752 500 830 plus
527 751 625 811 minus
656 750 831 822 ruderibus,
862 748 1078 830 qninquaginta
1110 751 1232 811 circiter

333 852 459 915 aedibus
491 850 599 911 erectis
631 852 726 911 torma
757 863 789 910 et
821 857 978 911 structura
1004 849 1230 927 spectabilibus,

333 954 402 1015 unis
429 952 515 1013 etiarn
542 960 594 1011 aut
619 950 721 1011 alteris
748 950 887 1029 superbis
909 948 1001 1027 magis
1023 957 1053 1008 et
1072 950 1230 1010 invidiosis

332 1074 422 1135 quana
447 1051 704 1112 convenientibus,
747 1050 927 1110 Conmlerat
952 1050 983 1109 in
1010 1049 1041 1108 id
1061 1051 1230 1110 communis

333 1154 445 1234 patriae
470 1152 519 1231 pia
542 1150 705 1211 liberalitas
736 1150 895 1211 duodecim
921 1170 1018 1229 prope
1045 1150 1230 1210 florenorum

334 1253 441 1325 millia,
462 1253 516 1313 sed
537 1252 656 1313 solenni
675 1251 779 1310 mundi
799 1251 1020 1330 supputatione,
1042 1250 1176 1311 subsidio
1198 1251 1229 1310 in

333 1354 519 1415 abundantes
544 1371 632 1431 quam
661 1351 828 1429 indigentes
853 1351 999 1430 largiore:
1037 1359 1070 1412 ut
1094 1371 1156 1410 nno
1182 1370 1231 1409 me

334 1454 429 1515 verbo
450 1451 619 1525 absolvam,
648 1452 783 1527 inerunt,
811 1452 921 1531 quibus
947 1452 1086 1513 damarum
1108 1452 1230 1530 proluit,

333 1555 523 1636 quantumvis
541 1551 694 1631 octoginta
713 1553 842 1631 amplius
860 1553 992 1613 millibus
1006 1553 1107 1613 clades
1120 1552 1230 1613 civium

333 1655 487 1716 aestimata
506 1654 553 1715 sit.
600 1652 718 1714 Primus
739 1654 872 1713 omnium
893 1652 1021 1713 hlichael
1042 1652 1231 1729 llemmiuge-

334 1777 386 1818 rus
407 1756 454 1817 vir
473 1753 644 1816 senatorius
665 1755 807 1815 horremn
828 1774 915 1815 suum
937 1752 1049 1829 erexit,
1070 1774 1160 1833 quem
1180 1773 1231 1813 se-

334 1868 422 1919 cutus
435 1858 588 1919 lohannes
606 1854 736 1916 Wildius
758 1856 916 1934 chirurgus
935 1854 1026 1913 aedes
1048 1872 1133 1926 suas,
1154 1873 1232 1931 quas

333 1957 502 2019 incendium
523 1956 637 2017 finiisse
657 1955 801 2029 diximus,
826 1963 895 2015 ante
922 1973 1028 2014 omnes
1048 1953 1230 2016 inhabitavit.

335 2059 406 2118 lnde
428 2057 478 2119 alii
497 2064 587 2137 atque
608 2054 657 2115 alii
679 2065 875 2128 emerserunt,
897 2056 952 2115 sed
974 2054 1100 2113 maxime
1114 2061 1232 2131 specta-

334 2160 403 2219 bilis
424 2156 617 2219 illustrissimi
637 2153 734 2214 nostri
755 2154 899 2233 principis
920 2161 1079 2226 structura,
1101 2173 1160 2233 qua
1179 2174 1232 2214 ve-

334 2266 429 2319 terum
451 2256 694 2337 Vaihingensinm
717 2254 859 2316 comitum
880 2254 983 2316 sedem
1008 2254 1039 2313 in
1060 2254 1137 2314 alios
1157 2276 1232 2316 usus

337 2356 522 2418 restauravit.
564 2357 681 2415 interea
702 2355 909 2432 operariorum
930 2355 1104 2430 insolentia,
1126 2358 1181 2417 sed
1202 2366 1232 2419 et

336 2457 444 2519 civium
459 2456 642 2535 indulgentia
657 2454 756 2514 omnia
770 2454 915 2533 tripudiis,
936 2455 1127 2531 clamoribus,
1148 2479 1232 2520 com-

336 2555 549 2637 potationibus,
571 2554 730 2617 interdicto
752 2555 839 2615 etiam
859 2563 1004 2634 tempore,
1026 2556 1156 2636 denique
1175 2560 1233 2619 fre-

336 2657 496 2739 quentibus
519 2657 628 2734 jurgiis
652 2655 895 2734 perstrepebant,
922 2657 1047 2717 cedente
1067 2676 1105 2716 an
1126 2660 1234 2719 conni-

335 2766 425 2821 vente
445 2757 625 2839 magistratu.
675 2756 792 2835 Nempe
813 2777 880 2817 cum
902 2758 1090 2835 octingentas
1108 2765 1139 2818 et
1159 2779 1233 2838 qna·

337 2859 493 2939 driugenta
513 2876 567 2917 sex
581 2858 740 2935 amphoras
753 2857 923 2918 incendium
938 2857 1139 2935 absorpserit,
1160 2859 1233 2919 nihil

336 2960 434 3023 minus
460 2957 584 3019 bibitum
611 2964 657 3018 est
681 2964 732 3019 aut
759 2958 847 3019 citius
873 2965 1084 3021 assurrectum.
1133 2958 1234 3020 hedes

338 3079 435 3121 novae
456 3058 548 3121 multa
569 3056 711 3119 ebrietate
733 3057 936 3133 initiabantur,
959 3060 1086 3120 vidisses
1108 3066 1139 3117 et
1156 3080 1232 3136 pue·

338 3180 390 3223 ros
411 3159 565 3233 bacchari,
593 3159 704 3219 frustra
731 3178 766 3217 ac
787 3179 854 3220 curn
875 3160 986 3221 invidia
1006 3159 1233 3221 inclamantibus
1283 3158 1288 3161 ’

339 3259 534 3333 ecclesiastis,
563 3258 614 3339 qui
642 3260 711 3319 dum
739 3258 814 3319 male
836 3259 1021 3335 ominantur,
1048 3260 1118 3319 drrm
1141 3260 1233 3321 officii

339 3363 386 3425 sui
407 3360 543 3440 singulos
564 3359 739 3433 admonent,
763 3359 833 3421 dum
855 3361 1005 3423 bonorum
1026 3360 1165 3441 querelas
1186 3362 1231 3420 in-

339 3464 503 3543 geminant,
529 3459 605 3521 male
626 3460 760 3521 audiunt.
802 3462 862 3537 Qui
882 3461 913 3520 in
933 3462 1025 3522 aedes
1045 3461 1158 3521 alienas
1178 3462 1232 3521 de·

338 3564 400 3626 bita
426 3560 684 3626 commiseratione
712 3561 824 3641 recepti
852 3569 952 3637 erant,
975 3564 1037 3637 jam
1060 3562 1095 3623 iis
1116 3562 1233 3624 violen-
