3025 4409
374 513 571 584 Antiquitatum
589 510 687 566 studia.
720 510 876 565 Incendium
894 509 1083 581 vaihingense.
1137 517 1179 579 53

281 671 471 733 historiarum
493 690 570 749 opus
585 668 770 731 Breviorium
788 688 933 747 pararem,
955 687 1073 728 manum
1093 687 1177 729 suam

280 772 411 831 libenter
433 769 641 831 commodavit.
675 770 839 847 Postquam
859 788 933 829 vero
949 769 1177 829 sacramnedem

281 872 345 933 suis
358 880 388 933 et
398 870 620 951 opulentiorum
630 868 773 948 impensis
786 870 988 929 exornandam
999 867 1055 929 sibi
1062 888 1177 947 propo·

281 974 401 1048 suisset,
426 971 550 1032 multum
567 971 608 1031 illi
626 970 670 1031 rei
686 970 742 1031 sub
755 979 858 1031 nostra
871 969 1057 1047 inspectione
1067 989 1176 1029 vacan-

281 1074 320 1134 tis
342 1073 485 1151 temporis
506 1072 657 1143 tributum,
680 1072 733 1131 sed
747 1091 824 1151 quae
846 1071 946 1131 omnia
959 1071 1121 1149 paulopost
1130 1070 1175 1130 di·
1205 1081 1209 1088 '

281 1194 348 1233 rum
365 1172 533 1234 incendium
546 1172 673 1251 depavit.
708 1171 792 1233 Obiit
804 1192 871 1233 meo
886 1171 1023 1232 cordolio
1036 1173 1064 1232 8.
1077 1169 1176 1231 Martii

282 1276 372 1334 1626.
415 1274 565 1334 Laudatus
586 1294 604 1333 a
625 1292 671 1333 me
693 1272 788 1351 elegia
809 1268 1173 1349 latino-germanica⁷⁹).
1262 1325 1265 1331 .

324 1377 402 1435 Dum
422 1375 470 1434 hic
492 1393 567 1446 sum,
589 1372 704 1452 gemina
725 1374 809 1433 urbis
828 1393 962 1452 maguam
977 1380 1090 1451 partem
1102 1391 1176 1432 con-

262 1474 457 1552 ·flagratione
477 1477 559 1535 Deus
581 1494 628 1533 me
650 1475 792 1549 exercuit,
815 1476 901 1551 cujus
921 1473 1083 1546 historiam,
1104 1492 1177 1552 qua-

282 1574 342 1633 lem
370 1581 432 1634 tum
459 1575 602 1654 temporis
631 1595 698 1635 cum
731 1575 833 1635 amicis
861 1573 1093 1646 communicavi,
1130 1572 1175 1631 hic

282 1682 420 1753 repetere
442 1675 538 1736 visum
560 1683 611 1736 est.
650 1675 749 1735 Prima
770 1674 960 1748 Novembris,
982 1695 1058 1755 quae
1080 1673 1175 1733 omni-

281 1777 340 1837 bus
363 1775 480 1837 Sanctis
501 1783 635 1836 veterum
657 1775 793 1837 instituto
816 1793 909 1848 sacra,
931 1793 1011 1835 anno
1033 1780 1103 1861 ppst
1123 1774 1175 1833 ad-

283 1875 446 1935 mirabilem
474 1875 605 1955 Virginis
633 1883 749 1955 partum
777 1875 934 1936 millesimo
956 1873 1175 1953 sexcentesimo

283 1976 400 2036 decimo
428 1976 570 2054 septimo,
600 1996 667 2036 oum
695 1975 804 2036 illustri
830 1974 967 2035 inundato
995 1976 1076 2035 cives
1102 1974 1176 2034 Vai-

283 2076 443 2153 hingenses
470 2075 588 2136 solenni
609 2075 747 2136 Jubilaeo
776 2075 816 2138 ob
840 2082 984 2136 centenos
1005 2074 1101 2135 renati
1120 2094 1176 2153 per

284 2180 322 2237 D.
344 2177 505 2236 Lutherum
532 2176 677 2254 evangelii
705 2195 800 2236 annos
828 2175 962 2237 instituto
989 2196 1057 2237 sese
1083 2194 1175 2254 appa-

284 2282 403 2337 rassent
423 2284 453 2338 ct
473 2297 575 2338 sacrae
597 2296 746 2355 synaxeos
768 2277 851 2338 velut
868 2276 1016 2337 candidati
1036 2276 1082 2337 bis
1104 2296 1175 2336 ecn-

285 2391 348 2441 tum
370 2377 564 2459 quadraginta
582 2378 714 2458 quinque
728 2398 762 2439 se
782 2377 926 2438 ecclesiae
946 2377 1087 2457 religiosa
1101 2398 1175 2438 con-

286 2479 443 2541 suetudine
472 2476 687 2554 exhibuissent,
715 2479 789 2540 hora
816 2478 893 2539 inter
914 2485 1048 2540 octavam
1069 2486 1099 2539 et
1119 2498 1176 2540 no-

285 2602 355 2641 nam
375 2577 575 2657 vespertinam
596 2578 693 2638 media
713 2578 777 2639 visa
798 2585 844 2639 est
864 2579 980 2639 flamma
1001 2599 1038 2639 ex
1052 2578 1176 2640 aedibus

284 2679 431 2741 lobannis
463 2678 579 2739 Kieseri
613 2680 772 2739 oeconomi
801 2678 985 2758 lllingeusis,
1017 2700 1091 2759 quas
1124 2698 1175 2757 ge-

285 2800 361 2841 nero
390 2778 533 2840 Conrado
561 2778 753 2858 Machtolpho
786 2778 989 2840 inhabitandas
1016 2771 1177 2841 concesse-

288 2886 343 2955 rat,
367 2898 532 2958 erumpere,
554 2879 640 2955 cujus
661 2879 750 2959 culpa
764 2881 917 2955 incertum,
939 2898 1075 2941 accensa.
1115 2879 1176 2939 Eae

286 2987 321 3041 ut
340 2986 424 3041 erant
443 2980 592 3041 frumento
614 2978 735 3059 plenae,
761 2979 802 3039 ita
822 2980 908 3041 facile
929 2980 990 3059 igni
1009 2979 1178 3039 incremcn«

288 3088 351 3141 tum
373 3086 403 3140 et
424 3079 594 3140 violentiam
615 3078 732 3152 dabant,
753 3080 898 3159 proximis
917 3087 1074 3154 terrorem,
1094 3080 1178 3159 quod

287 3182 366 3242 inter
394 3180 508 3241 vicinas
530 3186 630 3241 essent
659 3180 784 3241 mediae,
823 3180 968 3242 Arserunt
989 3179 1057 3239 illae
1078 3198 1176 3259 quon-

289 3281 355 3341 dam
374 3300 453 3342 anno
473 3282 567 3356 16⁰7,
590 3281 643 3341 sed
665 3279 729 3341 sine
751 3282 864 3358 majore
885 3282 992 3342 damno
1015 3286 1044 3340 et
1064 3279 1101 3338 ab
1121 3278 1175 3339 illo

289 3380 428 3441 incendio
450 3400 546 3441 novae
568 3380 690 3442 omniuo
713 3401 729 3441 e
751 3382 948 3443 fundamentis
969 3380 1095 3443 stabant.
1136 3380 1177 3439 At

285 3484 348 3559 jam
368 3480 449 3542 iatali
470 3482 571 3542 forsan
593 3480 701 3541 civium
718 3482 916 3543 somnolentia
930 3481 1042 3543 tardius
1059 3488 1088 3539 et
1102 3497 1175 3539 con-

291 3582 431 3643 clamata
447 3588 477 3642 et
505 3602 645 3661 canipana
671 3582 797 3661 periculi
830 3583 971 3645 iudicium
996 3583 1096 3642 datum
1121 3584 1175 3641 est.
