3025 4409
498 470 582 538 Apap.
618 466 830 524 Carissimomm
847 483 931 524 mors.
1098 477 1155 540 121

272 627 402 688 omnium
424 626 542 704 frugum
563 633 593 685 et
613 623 687 709 vini,
692 634 842 704 proventu
855 625 1055 686 memorabilis
1069 626 1157 704 plane

270 728 338 802 fuit,
368 726 504 787 velutin
530 724 697 786 alimoniam
723 726 873 805 depressis
896 731 926 786 ct
951 727 1065 788 exustis
1094 728 1158 806 agri

271 827 437 890 cultoribus
465 845 638 888 concessus.
688 826 832 888 Inclinato
857 847 936 887 anno
958 827 987 886 in
1009 827 1157 888 familiari-

269 935 358 990 tatem
379 930 458 989 haud
478 947 567 1006 aegre
588 928 737 988 concessit
752 926 900 1005 Rudolph.
921 927 995 988 baro
1009 929 1157 988 Dietriclr-

270 1028 396 1090 steinius
407 1029 639 1092 Francomontio
648 1045 807 1090 successor
820 1028 850 1088 in
862 1029 1048 1106 praefectura
1059 1028 1158 1090 Philo-

271 1127 406 1190 Cellensi
426 1129 526 1206 datus,
554 1132 640 1208 cujus
661 1143 731 1209 toga
751 1147 884 1208 sagoque
906 1129 1059 1207 explorata
1078 1129 1157 1208 peri-

269 1229 320 1302 tia,
341 1235 404 1288 tum
422 1230 605 1290 exoticarum
620 1232 788 1309 linguarum
804 1247 878 1290 usus
891 1231 1090 1292 antecessoris
1107 1231 1159 1290 de-

271 1327 412 1390 siderium
445 1329 615 1410 aliquandiu
645 1330 769 1403 levavit,
801 1330 855 1392 sed
887 1337 993 1408 postea
1025 1330 1158 1392 moribus

270 1429 391 1490 mutatis
411 1430 441 1490 iu
462 1431 670 1490 alienationem
691 1430 787 1491 desiit.
819 1431 965 1494 Hictotus
979 1452 1075 1494 annus
1088 1453 1159 1493 con-

271 1529 353 1608 tagio
373 1533 586 1592 monachorum
612 1530 664 1610 qui
683 1531 868 1610 Hirsaugiam
889 1543 1070 1611 occuparant
1095 1553 1160 1594 mo-

272 1628 368 1690 lestus
390 1631 479 1692 uobis
499 1632 567 1706 luit,
594 1636 806 1710 quem2tamen
833 1630 912 1690 civili
933 1633 1161 1694 conversatione

273 1731 409 1791 nonnihil
434 1733 645 1812 mitigavimus,
674 1730 913 1792 administratore
934 1733 1055 1794 Andrea
1077 1735 1162 1796 Geist

273 1850 337 1890 non
357 1832 470 1912 iniquo,
492 1831 711 1910 Christophoro
732 1838 762 1892 et
774 1831 958 1909 Hieronymo
979 1842 1161 1894 conventua-

271 1930 352 1993 libus
372 1933 512 1994 iratribus
533 1933 577 1994 sic
601 1932 672 1993 satis
693 1931 816 1992 eruditis
842 1938 871 1992 et
895 1931 935 1992 ad
956 1931 1161 1996 disserendum

271 2034 432 2113 promptis,
463 2033 588 2094 maxime
618 2050 692 2092 vero
726 2030 860 2109 Casparo
887 2031 1006 2094 Froisio
1037 2033 1076 2093 ad
1104 2053 1161 2096 nos

272 2133 442 2196 clanculum
463 2132 683 2212 propendente,
710 2132 828 2194 tandem
854 2133 941 2194 etiam
965 2133 1056 2195 rebus
1075 2135 1163 2196 incli-

273 2235 352 2296 natis
378 2233 474 2313 palam
499 2233 628 2312 profugo
656 2239 686 2293 et
710 2233 749 2292 ad
775 2253 823 2294 me
842 2240 979 2312 recepto:
1006 2235 1059 2296 sed
1080 2236 1163 2316 quod

275 2355 364 2396 omne
383 2333 563 2413 pellentibus
583 2332 673 2394 armis
695 2333 829 2394 Suecicis
843 2333 874 2394 in
890 2331 988 2414 fugam
1005 2343 1034 2396 et
1048 2335 1163 2415 disper-

276 2436 392 2498 sionem
412 2434 491 2496 abiit.
533 2433 639 2494 Annus
658 2433 705 2494 hic
725 2433 812 2513 Apap
835 2453 933 2496 meum
953 2434 1078 2515 peperit,
1099 2435 1164 2495 loe*

276 2546 340 2598 tum
359 2557 378 2596 a
398 2533 498 2596 multis
520 2533 649 2595 cordatis
671 2540 701 2594 ct
720 2534 844 2596 eruditis
865 2536 896 2596 in
907 2535 1003 2597 lucem
1024 2535 1163 2616 petitum

277 2658 337 2718 qua
356 2640 478 2699 fortuna
498 2635 562 2696 dies
584 2633 718 2707 docebit,
743 2653 812 2694 meo
839 2643 919 2696 certe
936 2637 1051 2713 judicio
1073 2637 1103 2696 in
1122 2642 1165 2697 te-

276 2738 379 2799 nebris
407 2737 534 2798 invidiae
559 2754 677 2796 morsus
699 2734 875 2810 distulisset,
905 2736 974 2798 dum
994 2738 1111 2799 veritati
1128 2738 1165 2799 li-

276 2838 380 2899 berior
399 2857 472 2898 aura
490 2836 687 2897 illucesceret.
720 2835 826 2896 Annus
847 2835 957 2899 Christi
978 2836 1068 2898 1632.
1085 2839 1166 2900 varia

278 2939 442 3001 calamitate
453 2936 618 3004 domestica
634 2935 703 2994 mihi
717 2935 861 3010 funestus,
884 2937 1059 3000 Germaniae
1079 2938 1166 3002 etiarn

279 3039 407 3101 cladium
423 3037 539 3098 vicibus
549 3034 749 3096 memorabilis
764 3036 827 3097 fuit.
854 3037 972 3098 Initium
987 3037 1023 3098 ab
1040 3038 1165 3100 Erasmo

280 3135 472 3217 Griiuingero
492 3138 601 3198 factum
620 3142 748 3213 patrono
773 3135 860 3196 valde
888 3137 958 3198 mihi
983 3138 1164 3212 necessario,

277 3239 457 3306 consultore
475 3239 561 3298 etiam
575 3236 666 3296 rebus
684 3236 781 3297 dubiis
797 3246 968 3316 opportuno
984 3241 1012 3300 7.
1023 3238 1100 3314 lan,
1113 3258 1165 3298 cu-

274 3361 328 3421 ]us
349 3340 484 3420 exequiis
506 3340 555 3398 12.
567 3337 644 3412 Jan,
659 3344 692 3399 et
705 3357 861 3416 supremae
878 3337 1039 3402 voluntatis
1058 3357 1166 3400 execu—
1266 3329 1269 3335 ’

280 3442 356 3503 tioni
368 3443 416 3502 14.
426 3439 514 3502 Febr.
527 3437 655 3537 interfui.
688 3438 798 3499 Secuta
808 3445 854 3500 est
866 3438 977 3518 optima
988 3447 1090 3517 mater,
1101 3439 1167 3498 Ma-

280 3542 325 3603 ria
342 3541 476 3616 dolam,
493 3545 650 3619 postquam
672 3541 719 3598 19.
733 3537 932 3616 decubuisset,
950 3541 1027 3604 elata
1038 3538 1166 3604 maximo
