3025 4409
512 508 567 561 lter
584 504 764 561 Austriaoum.
798 504 943 560 llitalems.
1134 513 1175 573 93

279 665 599 747 Super-Anisanorum
609 669 791 725 conventum
812 682 881 723 cum
902 661 951 721 dn.
963 660 1078 723 barone
1090 662 1176 725 Star-

278 766 441 846 renbergio
468 782 505 826 ex
527 760 668 825 inferiore
692 762 814 827 Austria
834 762 952 842 legatus
972 762 1098 839 missus,
1125 765 1177 825 nbi

278 890 326 931 me
363 870 472 929 adesse
511 884 600 946 quem
632 865 681 926 dn.
708 862 883 925 Enenckelii
919 865 1178 927 commendatione

278 974 434 1033 amaverat
454 965 606 1045 cognovit,
628 972 736 1044 sponte
757 984 857 1025 novae
876 963 1023 1025 amicitiae
1040 966 1177 1044 pararios

280 1080 310 1132 et
326 1071 508 1147 interpretes
526 1064 673 1147 quaesivit
686 1084 795 1145 meque
811 1064 900 1127 facile
919 1064 1047 1126 obtinuit
1057 1064 1178 1146 sibique

280 1168 423 1233 devinxit.
459 1166 597 1248 Cumque
616 1165 685 1226 mihi
706 1165 884 1227 benefacere
905 1171 935 1225 et
954 1164 1092 1226 affectum
1104 1185 1178 1227 con-

281 1270 386 1333 testari
413 1266 553 1343 ambiret,
586 1283 643 1345 ego
670 1264 741 1325 nibil
767 1267 865 1343 majus
891 1264 1070 1345 exigendum
1096 1266 1178 1340 duxi,

282 1392 373 1455 quam
400 1387 498 1429 meam
533 1364 773 1427 commissionem
798 1364 930 1444 acceptis
955 1365 1044 1427 simul
1068 1368 1107 1428 ad
1129 1367 1179 1430 dn.

281 1467 498 1533 Enenclrelium
528 1484 562 1525 ea
585 1465 622 1526 de
649 1484 683 1527 re
702 1466 797 1527 literis
824 1465 856 1525 in
877 1484 911 1526 se
930 1465 1080 1545 reciperet
1098 1467 1179 1544 ejus-

283 1591 342 1655 que
370 1569 427 1631 sub
456 1564 575 1629 silentio
601 1572 631 1627 et
650 1566 710 1627 lide
738 1565 914 1627 industriam
940 1586 1025 1628 suam
1045 1588 1105 1647 qua
1126 1587 1179 1629 ex-

284 1673 366 1735 cellit
392 1670 592 1751 pietatemque
618 1666 800 1729 rarissimam
826 1666 987 1728 addiceret.
1033 1668 1126 1743 Quod
1151 1676 1182 1729 et

283 1774 413 1835 libenter
434 1768 565 1843 admisit,
595 1775 624 1828 et
644 1766 742 1846 plenis
763 1765 919 1845 promissis
940 1767 978 1827 ad
1000 1786 1074 1827 suos
1094 1768 1183 1829 rediit

283 1875 415 1955 mihique
436 1891 474 1931 ex
494 1876 540 1931 tot
556 1867 786 1929 benevolentiae
802 1867 1014 1945 speciminibus
1028 1886 1114 1947 spem
1129 1870 1181 1929 lir-

284 1997 364 2037 mam
386 1972 456 2033 iecit
483 1990 545 2031 non
572 1968 708 2048 potuisse
736 1967 882 2047 aptiorem
908 1967 1030 2047 negotio
1057 1968 1182 2050 diligen-

287 2078 458 2157 tioremque
480 2069 610 2133 exorari.

326 2177 418 2255 Quod
445 2173 591 2253 reliquum
619 2176 696 2246 erat,
727 2168 756 2229 id
779 2188 868 2230 omne
888 2169 919 2229 in
944 2168 995 2232 dn.
1016 2168 1182 2231 llitzlerum

285 2282 373 2359 eujus
394 2278 425 2337 in
447 2271 605 2335 ecclesiam
620 2269 809 2331 Austriacam
829 2270 934 2331 merita
953 2288 1098 2349 proceres
1115 2290 1182 2333 cer-

285 2380 370 2442 tatim
391 2371 619 2445 collaudabant,
647 2369 754 2445 rejeci,
783 2372 870 2447 cujus
890 2369 1064 2450 prudentia,
1086 2370 1184 2432 soler·

286 2482 337 2557 tia,
359 2475 513 2558 vigilantia
534 2480 565 2559 et
582 2469 769 2532 taciturnitas
791 2477 891 2532 tantm
912 2477 992 2547 sunt,
1012 2476 1048 2532 ut
1058 2471 1127 2531 buic
1138 2472 1184 2533 rei

278 2589 376 2643 natae
403 2585 494 2657 atque
520 2574 551 2634 in
576 2592 669 2634 unum
694 2571 844 2633 hominem
864 2572 995 2633 maximo
1014 2571 1184 2651 implicatae

286 2678 434 2743 ecclesiae
452 2676 536 2737 bono
562 2694 580 2735 a
600 2675 668 2733 Deo
690 2672 820 2733 collatae
840 2671 948 2732 merito
968 2671 1115 2734 dicantur.
1152 2674 1183 2735 ls

286 2782 455 2844 animorum
482 2774 631 2837 lenocinia
658 2774 784 2834 edoctus
812 2777 843 2832 et
867 2771 994 2850 ingeniis
1017 2772 1184 2835 Austriacis

286 2879 471 2943 conveniens
490 2882 609 2937 caetera
623 2871 912 2952 Wiirttembergicae
932 2871 1127 2933 institutionis
1139 2879 1185 2933 te·

287 2980 465 3044 nacissimus
491 2982 782 3056 praeceptorumque
806 2994 931 3036 suorum
956 2971 1185 3035 observantissi-

286 3102 370 3156 mus,
398 3074 611 3139 nihilomnino
632 3074 788 3135 intermisit
812 3094 870 3135 nec
896 3071 1070 3135 intermittet
1089 3092 1184 3151 porro

288 3182 373 3264 quod
392 3179 430 3240 ad
452 3176 618 3239 eludendos
633 3174 826 3237 Calvinianos
841 3173 969 3254 laqueos
991 3174 1185 3235 servandam-

289 3280 556 3364 queLutheranam
566 3274 767 3337 innocentiam
778 3274 1086 3337 candoremvelaciat.
1106 3274 1185 3335 Huic

289 3385 391 3464 itaque
412 3379 562 3441 valedicto
584 3376 717 3457 actisque
738 3395 796 3454 pro
818 3374 914 3436 amico
927 3374 1058 3454 hospitio
1071 3374 1184 3453 gratiis

289 3478 549 3543 Weidenbolzinm
581 3480 630 3540 dn.
651 3475 863 3538 Hohenielderi
893 3475 995 3536 sedem
1023 3475 1184 3552 contendo,

290 3582 445 3662 liliumque
472 3599 559 3641 suum
580 3577 823 3640 Ehrcnreichium
847 3575 976 3637 maxima
1000 3573 1070 3635 mihi
1090 3576 1186 3637 conti-
