3025 4409
275 481 430 538 Amicorum
442 479 592 536 calamitas.
609 481 843 537 Fanadndrsune
856 453 964 553 aliaque
976 485 1087 556 scripta.
1104 490 1170 552 119

274 653 335 699 seru
356 637 519 699 clementes
532 636 692 698 amodum
707 637 809 700 literas
825 635 943 716 accepi)
956 638 1163 702 adducendum

273 739 303 799 in
324 757 359 799 sc
380 722 501 818 recepit
542 736 609 797 Neo
628 737 759 799 otiosum
780 737 849 798 mihi
869 738 949 798 bunc
969 755 1078 800 annum
1097 739 1162 816 sivi,

272 839 365 900 altera
378 838 528 900 llistoriae
540 835 766 899 Ecclesiasticus
785 844 869 917 parte
887 853 975 917 quaro
987 838 1163 900 Militantem

272 938 412 1017 inscripsi
438 945 469 999 et
492 938 583 998 Fama
603 938 762 998 Andreana
787 938 818 999 in
839 937 936 998 lucem
960 937 1060 1014 editis,
1088 955 1161 1020 quu-

271 1057 338 1100 rum
362 1037 414 1098 ills
438 1056 522 1114 meo,
547 1038 621 1098 boec
647 1036 833 1118 Weibliugne
860 1039 958 1119 (quae
983 1039 1078 1118 putria
1103 1057 1161 1100 avo

272 1141 343 1214 luit)
362 1139 477 1200 senatui
497 1138 652 1216 inscripta,
679 1157 740 1198 uon
762 1139 894 1218 ingratae
914 1140 1043 1201 luemnt.
1084 1138 1161 1201 (lae-

271 1250 367 1302 terum
392 1257 469 1319 quae
494 1254 552 1299 nos
578 1238 728 1317 Septemb.
748 1256 851 1301 mense
876 1239 1040 1320 improviso
1061 1239 1163 1303 obruit

271 1336 487 1401 coenobiorum
520 1338 678 1418 occupatio
712 1347 743 1400 et
771 1339 948 1402 deformatio
961 1332 1049 1414 m),
1081 1340 1161 1402 hunc

271 1460 380 1502 annum
405 1439 493 1519 plane
514 1439 663 1500 funestum
689 1437 773 1516 lecit,
806 1441 940 1520 expulsis
966 1441 1012 1502 bis
1042 1447 1161 1502 centum

271 1542 339 1622 plus
367 1540 465 1602 miuus
491 1538 682 1601 ecclesiarum
710 1546 741 1600 et
767 1539 889 1602 totidem
917 1542 1086 1603 scholarum
1104 1543 1161 1603 mi-

272 1641 382 1716 nistris,
404 1639 541 1701 extinctis
562 1647 592 1702 et
608 1639 752 1719 dispersis
771 1641 866 1704 sucris
882 1642 1047 1702 seminariis
1062 1647 1091 1701 et
1106 1661 1159 1720 pe-

271 1741 352 1803 lante
370 1740 531 1802 miserabili
551 1739 723 1822 spectaculo
743 1740 864 1803 exulum
884 1761 983 1822 grege.
1015 1745 1073 1806 Cui
1090 1762 1159 1808 oum

271 1841 407 1922 nuspiam
427 1840 561 1903 solamen
581 1846 633 1901 aut
643 1839 808 1901 subsidium
819 1850 1000 1922 suppeteret,
1016 1847 1159 1908 Xenorae

271 1955 303 2005 et
327 1941 478 2003 Philoleae
502 1940 656 2020 colloquio
681 1959 859 2004 succurrere
889 1943 1005 2004 miseris
1033 1951 1159 2008 conatus

270 2065 337 2107 sum
358 2049 389 2104 et
407 2051 572 2122 promptam
587 2042 720 2123 undique
734 2057 852 2102 menum
871 2046 983 2121 reperi:
1005 2044 1059 2104 scd
1076 2042 1158 2125 quod

270 2143 472 2206 conductores
493 2142 598 2204 nullibi
617 2151 796 2222 apparerent
815 2151 846 2203 et
864 2142 981 2204 oblatae
999 2143 1092 2223 stipes
1113 2145 1157 2208 in-

270 2253 372 2327 gratae
392 2253 501 2319 essem,
521 2246 631 2306 lrustra
650 2241 703 2303 lui.
738 2243 813 2302 Cum
835 2242 921 2304 etiam
941 2253 1011 2322 post
1030 2245 1158 2324 primum

268 2353 417 2408 terrorem
441 2345 556 2430 mimis
573 2341 731 2422 resumptis
757 2349 895 2420 pastores
923 2343 1010 2422 ejecti
1032 2362 1157 2408 revoca-

271 2457 393 2521 rentur,
412 2445 491 2506 duos
510 2443 579 2504 mibi
594 2442 835 2504 concreditorum
855 2444 989 2508 eeclesiis
1007 2447 1069 2509 suis
1088 2447 1157 2509 ted-

271 2546 341 2609 didi
375 2545 490 2606 lnterea
508 2544 590 2624 quod
604 2543 853 2624 supplicationum
870 2553 1039 2608 nostrarum
1061 2553 1091 2608 et
1111 2567 1157 2610 se-

270 2648 333 2710 riae
352 2644 552 2727 poenitentiae
570 2645 700 2720 tructus,
722 2659 839 2705 morum
864 2647 1100 2708 emendationem
1128 2655 1159 2712 et

270 2746 478 2810 conversionis
499 2746 673 2807 evidentiam
695 2744 861 2825 exigerem,
888 2747 1039 2809 morosior
1065 2747 1105 2808 ob
1126 2747 1156 2810 id

270 2847 404 2923 babitus,
425 2846 592 2908 interventu
606 2844 828 2926 Buwingbausii
840 2861 948 2926 aegros
962 2847 1077 2910 animos
1092 2848 1157 2928 pla-

271 2948 351 3023 cavi,
377 2964 435 3008 nec
459 2946 556 3007 minus
574 2945 788 3026 inspectionem
815 2948 908 3027 mag'n
927 2947 1074 3011 solicitam
1093 2949 1158 3012 sive

271 3045 438 3108 cursoriam
459 3045 581 3108 obtinui.
623 3048 687 3107 Una
707 3047 809 3127 vipera
830 3067 917 3129 quam
937 3047 1158 3127 amphisbenam

270 3155 382 3210 vocant
411 3154 443 3207 et
472 3147 502 3207 in
532 3148 627 3210 cauda
652 3146 777 3209 alterum
804 3154 894 3226 eaput
918 3149 1007 3210 habet
1032 3149 1158 3213 molesta

271 3248 358 3309 valde
379 3247 435 3308 luit
455 3255 485 3308 et
504 3256 572 3309 ente
590 3250 751 3328 hypocrisi,
771 3255 854 3310 retro
875 3249 980 3328 erynni
1001 3250 1155 3330 capitibus,

272 3369 330 3431 qna
350 3347 559 3424 obstinatione,
579 3363 639 3429 qua
658 3349 853 3412 insectatione
869 3367 948 3430 opus
968 3350 1081 3413 domini
1099 3357 1157 3411 tar-

274 3449 365 3525 davit,
397 3449 484 3525 cujus
514 3448 656 3510 vindicias
688 3457 848 3529 exspectat.
905 3451 1041 3533 Cumque
1071 3451 1158 3512 etiam

274 3549 463 3612 dissidiorum
484 3550 595 3611 semina
614 3551 691 3612 inter
711 3550 818 3612 civium
835 3550 975 3614 meliores
991 3567 1093 3630 sparsa
1110 3569 1157 3614 es-
