3025 4409
472 486 596 540 Gottlieb
613 485 683 539 lilius
701 501 797 540 munus
816 486 881 539 eccl.
899 485 979 538 subit.
1113 491 1175 552 213

280 642 364 704 sione
385 644 587 717 confirmavit,
608 665 697 723 quam
718 644 906 704 salutationis
926 642 1173 704 clementissimae

278 744 390 804 nuncio
410 745 516 803 vadem
537 764 571 804 se
592 744 808 804 subsecuturae
830 743 982 822 propioris
1006 743 1172 802 connexio-

277 844 323 903 nis
345 844 533 923 interposuit.
577 847 644 920 Qua
665 845 734 904 milri
755 853 825 924 post
839 843 966 922 Augusti
986 844 1043 904 mei
1062 864 1170 922 peren-

277 963 345 1004 nem
367 945 500 1004 favorem
521 945 655 1004 accessio
677 945 707 1004 in
729 946 818 1006 terris
833 944 915 1005 nulla
929 943 1046 1004 felicior
1067 950 1096 1003 et
1108 944 1171 1004 voti

276 1044 334 1104 mei
359 1045 503 1124 periodus
524 1044 640 1104 felicior
660 1044 888 1126 absolutiorque
916 1043 1090 1122 contingere
1114 1063 1169 1122 po-

277 1145 359 1211 terit.
392 1145 441 1205 cui
475 1144 613 1205 Christus
645 1145 793 1224 propitius
827 1145 913 1206 adsit.
969 1144 1169 1204 Emortualem

275 1245 354 1304 bunc
378 1267 488 1306 annum
514 1245 682 1306 habuerunt
700 1247 855 1308 lohannes
875 1246 1008 1307 lacobus
1028 1244 1169 1305 Reisclra-

275 1347 358 1407 obius
370 1349 398 1407 8.
410 1347 485 1419 lam,
504 1345 740 1426 Cbristoplrorus
751 1346 1017 1425 Engelbronnerus
1034 1347 1081 1406 17.
1091 1346 1168 1419 lan„

276 1446 362 1506 Anna
381 1448 610 1526 Buwinglrausia
631 1449 764 1509 Danielis
787 1449 847 1508 filia
870 1449 918 1508 16.
931 1449 1015 1521 lan,
1037 1447 1167 1508 loinla-

274 1546 342 1607 cob.
363 1548 500 1609 Zellerus
522 1568 644 1627 magnae
665 1549 882 1627 expectationis
905 1548 1043 1624 juvenis,
1071 1548 1168 1608 eccle-

274 1645 336 1706 siae
361 1655 481 1708 nostrae
507 1648 635 1710 vicarius
662 1650 690 1711 3.
704 1647 894 1721 Novembris
917 1648 970 1708 sed
998 1656 1027 1708 et
1047 1649 1169 1710 Samuel

274 1746 427 1810 Glonerus
448 1755 538 1827 poeta
552 1749 663 1810 nobilis
678 1747 868 1828 argentinae,
891 1768 958 1808 curn
975 1748 1079 1826 paucis
1095 1749 1167 1808 ami-

274 1865 379 1908 corum
411 1850 643 1929 comparandum,
676 1847 706 1908 in
733 1869 794 1928 quo
828 1848 957 1909 ollioiosi
981 1848 1108 1908 hominis
1138 1857 1167 1910 et

273 1968 376 2008 amore
395 1950 559 2010 constantis
581 1968 715 2028 inagnam
731 1949 881 2026 jacturam
896 1949 963 2010 leci.
995 1949 1168 2010 Domestica

273 2068 377 2126 parum
397 2058 556 2111 mutarunt.
588 2050 721 2110 Gottlieb
742 2049 822 2110 lilius
843 2046 923 2122 ad*)
944 2048 1089 2110 ecclesiae
1109 2069 1165 2109 no-

272 2155 352 2210 strae
368 2151 514 2212 admissus
524 2149 647 2228 primam
662 2151 840 2210 concionem
854 2150 884 2210 in
900 2147 1040 2227 hospitali
1054 2148 1164 2227 templo

273 2248 374 2310 babuit
394 2252 442 2311 11.
456 2252 550 2330 April.
592 2251 699 2329 Neptis
722 2271 761 2310 ex
782 2250 843 2310 filia
864 2249 919 2329 Ag.
937 2248 1008 2310 Elis.
1031 2256 1099 2310 nata
1119 2256 1166 2312 est

272 2349 359 2410 Anna
380 2351 474 2410 Maria
494 2357 522 2414 6.
537 2351 609 2410 lulii
631 2351 763 2412 matrinis
787 2350 896 2412 Gratiis
917 2349 1164 2428 Wiirttembergi-

271 2449 323 2510 cis
357 2451 482 2512 Morbus
503 2453 603 2512 nullus
623 2453 761 2512 familiam
782 2451 899 2525 afflixit,
927 2451 964 2510 ab
985 2451 1074 2510 animi
1096 2470 1164 2529 per-

271 2550 440 2610 turbatione
460 2571 596 2629 magnam
617 2561 731 2629 partem
751 2552 829 2612 liber
849 2551 918 2610 vixi.
955 2552 1090 2612 Amicum
1111 2572 1163 2611 na-

271 2662 337 2712 ctus
362 2651 429 2714 lob.
451 2651 508 2711 Ab.
529 2652 667 2712 Poemeri
694 2651 902 2712 conciliatione
923 2652 992 2714 Joh.
1008 2652 1163 2725 Reistium,

270 2752 361 2812 alium
377 2751 402 2811 is
419 2751 543 2812 adduxit
555 2753 624 2812 Joh.
635 2748 916 2824 Berrnaierum²²³)
932 2751 1076 2810 Arndiani
1093 2755 1164 2812 novi

270 2852 372 2930 operis
394 2852 614 2930 speciosissime
635 2851 785 2912 solicitum
807 2851 974 2912 excudendi
995 2858 1164 2914 curatorem

270 2953 469 3014 Francolorti.
512 2953 706 3012 Honorarunt
725 2951 969 3030 inscriptionibus
990 2952 1039 3012 Jo.
1062 2952 1164 3012 Marti-

271 3073 328 3114 nus
343 3053 519 3131 Eisengrein
540 3060 702 3130 cognatus,
719 3051 808 3127 juris,
828 3052 961 3114 «lacobus
979 3053 1058 3112 Rotlr
1078 3054 1162 3114 theo-

271 3153 384 3231 logiae,
407 3161 437 3214 et
458 3152 635 3212 Wilbelmus
656 3152 848 3214 Eberhardus
864 3153 1033 3231 Speidelins
1054 3153 1160 3226 ailinis,

269 3254 475 3333 philosophiae
496 3253 633 3314 studiosi.
675 3252 783 3312 Messis
805 3253 963 3327 uberrima,
984 3254 1037 3314 sed
1059 3255 1162 3314 vinde-

269 3355 345 3415 miae
379 3355 496 3416 steriles
526 3356 623 3428 luere,
657 3354 736 3413 nnde
763 3354 902 3415 salarium
929 3354 1010 3414 illinc
1036 3355 1160 3427 auctius,

272 3495 366 3502 ———--
374 3495 401 3500 .-..
429 3495 466 3501 ...-

335 3566 365 3634 *)
383 3564 481 3619 Colo:
505 3568 538 3621 ad
557 3565 723 3620 vicariatum.
