3025 4409
342 511 405 573 2⁰8
610 505 693 560 Liber
710 505 740 559 V.
778 503 963 562 1639-1642.

341 663 408 741 cipe
428 661 603 724 Eberhardo
630 665 705 725 lrero
733 670 763 725 et
786 663 947 744 plurimum
968 663 1103 740 favente,
1132 684 1149 724 a
1174 685 1236 746 quo

340 763 525 850 lautia'nltro
542 764 680 846 citroque
701 765 769 826 data
791 771 820 826 et
839 769 962 844 accepta
983 770 1062 839 sunt,
1085 765 1140 825 sed
1160 785 1237 847 quae

340 883 390 926 res
415 866 488 926 vitio
515 865 587 926 milri
613 886 631 925 a
657 866 855 946 Propriucipe
882 883 971 927 versa
1000 871 1029 926 et
1056 867 1236 946 exprobrata

340 973 394 1042 est,
416 967 654 1045 supparasitante
668 968 792 1029 Simone
814 976 844 1030 et
861 968 1006 1030 ecelesiae
1024 987 1140 1045 navem,
1159 989 1235 1051 quae

339 1087 400 1131 una
423 1068 515 1148 paulo
530 1076 602 1148 post
617 1069 815 1149 demergatur,
836 1070 1017 1148 perforante.
1048 1071 1167 1132 Interea
1182 1071 1235 1133 Al-

338 1171 441 1232 bertus
461 1170 780 1232 OnoldinusMerchio
804 1171 973 1251 principum
996 1170 1120 1234 deliciae
1142 1193 1235 1253 spon·

339 1291 402 1334 sam
412 1269 426 1304 ²
435 1269 445 1306 ¹
454 1270 487 1349 ²)
499 1271 608 1347 invisit,
625 1277 660 1333 ut
670 1291 774 1334 morae
787 1271 925 1350 taedium,
943 1273 1013 1336 dum
1026 1275 1123 1336 nostri
1133 1275 1234 1337 acidu-

337 1375 375 1437 lis
394 1382 424 1436 et
439 1374 562 1437 thermis
578 1373 779 1436 valetudinem
798 1381 920 1451 curant,
936 1375 1066 1448 fallerem
1088 1395 1155 1437 cnm
1173 1396 1233 1458 quo

340 1477 479 1538 conferre
493 1476 687 1556 ejusdemque
701 1474 803 1536 miram
814 1476 1022 1538 humanitatem
1038 1477 1169 1556 experiri
1183 1479 1233 1540 da·

337 1584 401 1640 tum
428 1583 488 1654 est,
510 1597 577 1640 cum
602 1577 692 1655 alias,
719 1584 782 1638 tum
801 1579 833 1645 5.
850 1578 934 1640 lunii
957 1579 1155 1658 potissimum,
1177 1599 1234 1642 neo

337 1680 491 1757 abstineo,
519 1680 591 1760 quin
613 1700 651 1741 ex
672 1699 727 1741 ore
747 1698 872 1741 snorum
894 1688 924 1742 et
944 1680 1093 1742 constanti
1113 1701 1232 1744 asseve-

336 1784 453 1846 ratione
473 1788 616 1863 repetam,
638 1780 720 1843 omni
739 1799 836 1844 naevo
850 1781 1014 1863 insigniore
1030 1800 1138 1843 vacare
1153 1783 1232 1844 huuc

337 1885 518 1967 principem,
547 1883 630 1966 quod
656 1881 813 1944 contrariis
836 1883 924 1959 juxta
945 1902 977 1944 se
997 1882 1105 1962 positis
1126 1890 1231 1965 stupo-

336 2005 400 2048 rem
428 1986 514 2068 quasi
534 1984 623 2046 nobis
648 1983 760 2058 intulit,
788 1989 869 2044 certe
890 1985 1114 2046 admirationem
1134 1992 1231 2048 tarrae

334 2086 454 2151 virtutis
480 2086 588 2148 merito
615 2083 762 2145 excitavit.
810 2082 872 2144 Sed
892 2090 923 2147 et
942 2085 1000 2148 hoc
1021 2085 1179 2150 interstitio
1199 2088 1230 2151 in

334 2207 386 2253 res
407 2187 552 2250 ecclesiae
573 2184 746 2261 incubitum,
767 2183 912 2264 prodigiis
933 2186 1087 2250 nonnullis
1109 2188 1231 2252 duriora

335 2291 430 2352 corda
439 2286 688 2369 praecedentibus
694 2283 740 2364 ἕ),
757 2305 826 2348 curn
837 2284 975 2364 adjutore
986 2287 1103 2369 collega
1116 2290 1229 2354 Sclriie·

334 2391 399 2453 lino
415 2390 447 2450 in
464 2387 679 2469 petulantiores
695 2406 796 2449 mores
812 2387 944 2468 quaesita
961 2388 1013 2451 diu
1034 2409 1163 2454 censura
1180 2411 1229 2455 ec·

335 2490 503 2555 olesiastica
530 2487 641 2568 diuque
667 2485 808 2567 impedita
835 2487 866 2549 in
885 2488 984 2552 lucem
1004 2492 1152 2570 producta
1173 2501 1227 2572 est,

334 2592 475 2673 exemplo
487 2589 585 2653 statim
596 2589 627 2650 in
641 2587 810 2652 adulterum
823 2590 913 2668 edito,
936 2610 1013 2672 quae
1024 2611 1063 2654 ne
1081 2594 1114 2656 in
1132 2596 1227 2658 inlan-

326 2695 375 2769 -tia
389 2713 445 2757 ane
463 2692 636 2766 suffocetur,
658 2689 780 2753 corvis²
791 2689 841 2769 ¹⁴)
854 2710 1012 2754 censuram
1029 2693 1226 2776 eludentibus,

332 2792 493 2874 metus**>
513 2813 577 2856 non
596 2791 672 2854 levis
693 2799 747 2854 est.
791 2791 853 2854 Sed
874 2798 904 2854 et
922 2792 1006 2874 leges
1029 2797 1226 2877 sumptuarias

332 2903 440 2961 contra
458 2893 587 2958 vestium
614 2899 644 2954 et
670 2893 922 2956 comessationum
946 2893 1052 2959 luxum
1078 2899 1226 2976 parturie-

332 2998 455 3077 bamns,
478 3016 554 3080 qnae
574 2995 708 3058 nondum
727 2993 857 3056 lucinam
876 2995 1037 3075 propitiam
1055 3007 1225 3080 exorarunt,

331 3099 417 3182 Apap
438 3099 572 3180 undique
592 3095 783 3160 incrementis
797 3094 963 3160 christiania
980 3098 1141 3164 officiente.
1169 3101 1225 3164 Se-

330 3210 419 3267 cutae
432 3207 503 3266 sunt
513 3200 632 3262 demum
646 3197 768 3278 nuptiae
779 3197 949 3260 Onoldinae
965 3198 1101 3282 aaaug.
1112 3219 1224 3284 pompa

330 3325 388 3386 pro
409 3299 553 3386 temporie
568 3298 685 3363 ratione
701 3298 911 3378 contractiore,
931 3298 1224 3382 praesentiorem)

395 3451 426 3523 l)
444 3450 511 3504 Cod.
529 3449 560 3502 Α.
578 3451 607 3502 et
622 3445 666 3501 a:
687 3445 909 3519 percellentibus.

377 3535 424 3605 ll)
441 3533 510 3590 (lod.
527 3534 558 3591 A.
575 3537 604 3586 et
619 3531 664 3585 B.:
679 3537 767 3588 mettas
783 3531 851 3587 mihi
865 3547 921 3586 non
937 3531 1005 3588 levir
1022 3533 1080 3588 init

361 3615 423 3691 m)
441 3619 509 3676 cod.
526 3618 557 3673 Α.
576 3623 605 3674 et
618 3615 664 3671 Ba
685 3615 876 3689 praesentibus
893 3619 994 3676 tamea.
