3025 4409
329 508 369 566 10
608 501 691 557 Liber
708 504 726 554 l.
763 501 948 557 roffi-loll.

329 656 447 720 delinus
469 654 578 739 Vogel,
599 656 668 719 Joh.
689 658 786 720 Jacob
806 658 935 735 Biader,
962 657 1121 721 Sebastian
1142 660 1229 720 Wld-

329 780 418 821 manu
446 767 476 820 et
496 760 667 821 Ahasverns
689 759 861 839 Wollprett.
1379 837 1380 840 Ἴ

370 860 439 923 Jam
457 882 474 922 a
495 859 629 922 secundo
652 866 683 921 et
703 860 791 921 tertio
807 867 879 939 post
895 858 1084 921 millesimum
1102 875 1229 920 sexcen-
1329 899 1331 903 ,

329 962 465 1024 tesimum
480 980 639 1039 coeperam
651 962 764 1043 aliquid
775 960 936 1021 exercendi
946 960 1058 1039 ingenii
1071 980 1144 1039 ergo
1154 978 1228 1039 pau-

327 1079 415 1143 gere,
445 1062 531 1139 cujus
558 1060 645 1122 facile
671 1062 768 1141 prima
792 1063 877 1123 fuere
905 1061 1014 1123 Esther
1043 1068 1074 1121 et
1099 1061 1229 1140 llyacin-

328 1165 397 1224 thus
407 1160 419 1195 ³
428 1160 468 1239 ⁷),
485 1161 661 1223 comoediae
676 1162 715 1223 ad
731 1162 960 1223 aemulationem
972 1160 1169 1239 Anglicornm
1184 1160 1228 1221 li-

329 1262 477 1324 striunum
496 1262 622 1340 juvenili
641 1282 718 1324 ausu
744 1265 853 1338 factae,
882 1283 899 1323 e
929 1259 1039 1342 quibus
1066 1259 1228 1339 posterior,

329 1382 407 1444 quae
437 1362 508 1424 milii
541 1362 658 1443 reliqua
689 1374 749 1439 est,
782 1384 839 1443 pro
867 1370 963 1424 aetate
989 1380 1052 1422 non
1080 1360 1228 1439 displicet.

330 1465 442 1525 Secuta
470 1471 541 1527 snut
568 1464 696 1525 Veneris
725 1464 882 1526 detestatio
910 1469 940 1523 et
966 1461 1148 1539 Laclrrymae
1174 1459 1228 1521 tri-

328 1564 387 1625 bus
408 1564 535 1645 dialogis
550 1564 622 1626 satis
639 1564 778 1644 prolixis,
799 1565 839 1625 ob
859 1563 1019 1640 infelicem,
1038 1563 1077 1621 de
1094 1579 1156 1642 quo
1172 1580 1228 1640 po-

329 1672 408 1741 stea,
436 1686 539 1727 casum
564 1682 664 1727 meum
685 1681 862 1745 expressae,
890 1684 968 1745 quae
992 1661 1086 1723 invito
1106 1680 1156 1721 me
1175 1682 1228 1740 pe-

328 1762 453 1828 rierunt.
497 1767 719 1847 superfuerunt
740 1786 756 1827 e
778 1776 885 1828 contra
904 1764 1035 1843 Nuptiae
1056 1762 1228 1842 Ghymicae,

328 1884 400 1928 cum
419 1873 624 1928 monstrorum
645 1866 798 1929 foecundo
820 1868 919 1942 foetu,
940 1865 1121 1938 ludibrium,
1143 1863 1225 1943 quod

330 1968 448 2030 mireris
475 1968 668 2030 anonnullis
696 1969 883 2029 aestimatum
909 1974 940 2028 et
966 1966 1068 2029 subtili
1088 1966 1228 2045 indagine

254 2151 258 2156 ἢ
330 2068 524 2147 explicatum,
552 2070 642 2149 plane
669 2068 753 2131 sutile
781 2075 813 2128 et
832 2068 916 2148 qnod
936 2068 1107 2131 inanitatem
1127 2070 1227 2132 curio-

329 2187 434 2230 sorum
454 2170 572 2248 prodat.
619 2170 744 2231 Invenio
771 2168 859 2229 etiam
878 2169 910 2228 in
931 2169 1040 2231 chartis
1061 2172 1137 2231 meis
1157 2171 1227 2232 titu-

330 2268 379 2329 los
398 2267 486 2345 Julii,
509 2269 573 2329 sive
594 2269 720 2329 Politiae
741 2268 838 2331 libros
859 2276 937 2343 tres,
958 2269 1109 2330 iudicium
1130 2278 1227 2332 astro-

330 2367 463 2449 logicam
484 2378 589 2429 contra
610 2369 817 2449 astrologiam,
843 2371 912 2444 lter,
934 2370 988 2429 sed
1010 2370 1093 2449 quod
1115 2372 1227 2433 dudum

331 2468 510 2545 interierint,
534 2470 606 2550 quid
626 2469 662 2529 iis
684 2469 904 2549 corrsignarim,
924 2490 986 2530 non
1007 2471 1137 2531 maurini.
1175 2473 1227 2533 at-

331 2589 391 2651 que
411 2568 485 2631 haec
506 2571 704 2650 scriptionum
723 2570 878 2650 praeludia
897 2572 995 2646 luere,
1017 2572 1126 2651 quibus
1148 2569 1229 2633 illam

259 2678 261 2681 ’
331 2672 431 2732 variae
441 2672 580 2733 lectionis
595 2672 856 2752 ingurgitationem
871 2670 1041 2734 exoneravi.
1069 2672 1230 2733 Caeterum

332 2772 465 2852 privatae
504 2774 710 2835 familiaritatis
747 2772 967 2835 commilitones
999 2780 1028 2834 et
1061 2775 1229 2835 studiorum

332 2872 409 2934 socii
421 2873 621 2949 Barlaamus,
648 2873 893 2951 Bidembaclrius,
917 2875 1052 2951 «lunius,
1070 2876 1229 2955 Rumpllns

330 2976 493 3049 Bolremua
515 2975 715 3054 MoegliuguS,
737 2994 773 3035 ac
794 2984 948 3053 praeterea
959 2977 1149 3039 Eberhardus
1167 2974 1229 3036 An—

332 3076 441 3147 dreae,
466 3074 600 3137 «lacobus
623 3083 652 3136 et
679 3076 831 3156 Georgius
852 3077 999 3152 Sclriitzii,
1027 3074 1149 3138 Samuel
1170 3078 1228 3136 llu-

332 3176 523 3251 ienrefferus,
545 3174 697 3239 Erhardus
718 3178 845 3255 Art-uer,
873 3178 1031 3239 Heinricus
1056 3179 1161 3251 Knou,
1184 3178 1229 3237 Si-

333 3278 510 3358 gismundus
530 3278 629 3359 libet,
639 3279 759 3341 lohann
771 3278 931 3340 Oonradus
943 3273 1127 3356 Maclrtolplr,
1149 3278 1228 3337 Mat-

333 3381 437 3441 thaeus
458 3378 555 3441 lliller
575 3387 605 3441 et
625 3380 677 3441 alii
696 3381 795 3456 fuere,
817 3382 871 3441 sed
889 3378 1043 3458 praecipui
1062 3377 1230 3437 studiorum

333 3480 492 3543 sedulitate
515 3486 545 3542 et
564 3498 683 3543 morum
702 3481 874 3544 innocentia
887 3479 1081 3542 Burckardus
1103 3485 1133 3539 et
1149 3478 1230 3539 Mar-

334 3583 415 3645 tinus
435 3582 628 3659 Riimmelini,
656 3600 734 3664 quos
764 3591 859 3647 mater
885 3602 951 3644 mea
971 3588 1005 3644 ut
1022 3580 1111 3660 probi
1131 3600 1231 3643 exem
