3025 4409
287 463 292 474 “
334 503 394 561 140
597 493 680 546 niter
695 494 737 547 rv.
773 493 955 548 roso-rrae.

333 652 412 714 enim
437 651 540 713 civitas
567 663 670 714 nostra
695 651 786 731 paulo
807 657 875 711 ante
897 649 1112 712 desolationem
1133 650 1226 711 3821.

334 752 480 830 capitibus
501 754 676 827 constiterit,
698 751 842 832 equibus
862 753 918 813 uisi
936 751 987 833 qui
1003 751 1103 830 lugam
1119 749 1222 810 antici-

333 859 442 931 parunt
456 852 592 933 plerique
609 872 773 913 numeroso
783 852 875 913 milite
893 852 983 913 cincti
996 858 1025 911 et
1041 851 1140 911 obruti
1159 851 1224 910 lue-

334 954 406 1028 rint,
434 952 540 1029 majori
560 952 746 1016 admirationi
768 953 832 1029 erit,
854 953 880 1014 si
900 951 1032 1012 tantillos
1053 952 1153 1012 laesos
1174 957 1226 1011 aut

334 1055 529 1132 interemptos
551 1074 619 1113 cum
639 1053 832 1131 superstitum
848 1051 1033 1114 inclusorum
1049 1071 1175 1112 numero
1196 1059 1226 1111 et

333 1161 414 1215 tanta
439 1154 534 1214 hostis
560 1153 590 1213 in
611 1154 707 1214 media
728 1153 845 1215 diritate
866 1153 1016 1232 vigilantia
1036 1152 1226 1232 nocendique

332 1255 456 1315 libidine
482 1255 685 1326 conferamus3
722 1255 804 1334 quod
837 1253 895 1314 nisi
921 1252 1021 1313 divino
1050 1253 1227 1314 umbraculo

334 1354 546 1426 adscribamus,
566 1353 650 1414 nulla
668 1355 795 1414 humana
814 1353 889 1415 ratio
910 1360 1095 1434 assequetur.
1132 1354 1228 1414 Molle

334 1454 477 1515 habeatur
497 1460 567 1532 post
590 1461 707 1514 carecta
727 1454 852 1515 alienam
873 1454 1067 1516 calamitatem
1088 1463 1225 1534 spectan-

335 1555 425 1629 tibus,
449 1553 616 1615 taediosum
637 1554 693 1616 sub
714 1555 844 1616 cuticula
865 1565 895 1616 et
915 1556 952 1616 ad
974 1555 1120 1616 secundas
1143 1573 1226 1614 men-

337 1676 385 1717 sas
406 1654 588 1735 tragoediam
607 1666 740 1716 nostram
761 1656 905 1718 audituris
924 1657 1041 1734 singula
1056 1655 1226 1715 afflictionis

335 1764 457 1818 nostrae
476 1755 608 1817 membra
627 1776 796 1819 recensere.
837 1760 935 1818 Unmn
954 1764 1053 1818 tamen
1074 1776 1111 1816 ex
1131 1755 1227 1834 pluri-

335 1856 392 1918 bus
414 1857 540 1918 reticere
561 1858 644 1918 uelas
666 1858 747 1918 duxi.
790 1857 867 1919 Cum
888 1857 1031 1937 plurimae
1050 1857 1225 1920 seminarum

334 1959 463 2019 infantes
489 1958 568 2018 ulnis
583 1957 766 2018 volventium
786 1966 875 2038 atque
900 1979 937 2018 ex
955 1957 990 2019 iis
1015 1977 1069 2018 sex
1088 1963 1226 2018 recentes

335 2079 502 2139 puerperae
515 2059 576 2136 jam
594 2059 813 2136 propemodum
831 2079 898 2118 cum
918 2057 1036 2119 tenellis
1053 2059 1165 2138 frigore
1181 2066 1227 2118 at-

336 2180 396 2241 que
408 2160 484 2219 lame
495 2166 617 2220 enectae
632 2159 696 2219 sive
707 2165 833 2219 mortem
844 2159 1079 2238 praesentiorem
1093 2159 1156 2219 sive
1172 2159 1226 2218 mi-

336 2260 530 2322 sericordiam
551 2257 588 2318 ab
603 2258 780 2318 immanitate
798 2259 884 2320 etiam
903 2279 1029 2322 exorare
1048 2260 1226 2320 inanimum

334 2360 537 2433 induxissent,
567 2359 644 2418 duro
664 2359 849 2421 necessitatis
870 2361 931 2422 telo
952 2362 1073 2422 adactae
1095 2362 1226 2441 equitum

335 2458 487 2520 tribunum
519 2477 646 2519 numero
683 2462 910 2539 septuagenario
948 2468 1068 2540 praeter
1101 2468 1243 2541 propter'

335 2559 447 2620 adeunt
477 2565 508 2618 et
537 2557 568 2617 in
600 2578 697 2637 genua
726 2561 905 2638 provolutae
934 2561 1085 2639 protensis
1116 2563 1227 2640 pariter

336 2659 465 2720 brachiis
491 2666 522 2719 et
545 2660 666 2721 undulis
686 2660 846 2723 infantibus
866 2661 1028 2723 miserabili
1050 2662 1161 2739 ejulatu
1181 2665 1226 2724 vi-

324 2766 384 2821 ·tae
404 2758 525 2820 neclsve
545 2760 698 2822 arbitrium
718 2762 845 2823 tradunt.
880 2761 1032 2824 Tribunus
1054 2764 1173 2826 exorari
1193 2785 1227 2826 se

337 2879 453 2940 passus,
470 2879 533 2920 non
545 2860 624 2921 idem
637 2870 751 2923 turmae
762 2882 834 2923 suae
843 2861 997 2938 barbarae,
1017 2863 1079 2925 sive
1091 2864 1226 2941 Cossaei,

338 2960 402 3022 sive
414 2960 543 3021 Oroatae
553 2962 672 3038 luerint,
688 2963 846 3042 persuasit,
865 2982 942 3044 quae
951 2965 1062 3042 paratis
1074 2966 1160 3045 equis
1172 2965 1226 3024 im-

337 3070 440 3141 petum
455 3063 486 3122 iu
500 3061 664 3141 supplicem
681 3064 797 3125 turbam
812 3065 926 3125 lactura
942 3064 1122 3146 ungulisque
1133 3085 1227 3146 equo-

337 3183 406 3224 rum
426 3162 637 3224 conculcatum
658 3163 833 3244 (quodnisi
858 3185 876 3224 a
896 3165 1006 3244 Scytha
1027 3165 1098 3226 olim
1118 3184 1226 3245 perpe-

338 3272 455 3337 tratum,
473 3283 625 3343 uunquam
642 3265 801 3343 repetitum
817 3265 959 3342 memini),
979 3266 1037 3328 nisi
1054 3286 1118 3327 rem
1139 3287 1226 3346 prae-

338 3365 471 3426 sentiens
481 3362 618 3425 tribuuus
630 3366 788 3449 commode
804 3365 926 3427 miseras
937 3387 955 3426 a
968 3386 1001 3427 se
1018 3366 1226 3428 submovisset.

338 3467 416 3527 lliuc
436 3465 563 3526 fremere
585 3486 692 3546 eques,
720 3466 885 3544 tribunum,
914 3467 996 3546 quod
1016 3467 1227 3529 munusculum

339 3567 425 3628 etiam
452 3565 630 3642 addidisset,
662 3566 818 3643 insectari,
846 3566 1001 3629 rebellium
1022 3567 1169 3630 fautorem
1198 3573 1228 3628 et
