3025 4409
470 523 557 593 berga
574 521 725 577 amicorum
741 521 928 577 beneficentia.
1089 529 1147 590 161

249 681 376 757 suerint,
403 679 503 740 animo
530 698 599 740 meo
627 681 767 759 supersit.
815 680 880 760 Ego
910 697 982 738 vero
1010 678 1091 740 velut
1117 679 1147 740 iu

248 782 334 844 littus
362 782 478 860 ejectus
504 781 640 842 madidus
667 789 698 842 et
717 801 882 857 nauseans,
912 780 982 840 dum
1003 780 1148 843 molestae

250 882 448 963 navigationis
477 889 507 942 et
531 882 768 962 praesentissimi
794 881 921 962 periculi
949 881 1147 944 ruminatione

250 985 415 1060 distrahor,
437 983 510 1044 nihil
530 983 666 1063 invenio,
689 985 773 1067 quod
792 985 871 1046 vitae
892 983 1146 1047 continuationem

251 1086 357 1148 beatae
376 1085 483 1147 mortis
505 1085 633 1147 termino
656 1093 827 1167 anteponat,
849 1085 908 1148 uisi
929 1086 1076 1165 divinum,
1099 1087 1148 1149 cui

250 1188 375 1250 obnoxii
388 1207 504 1250 sumus
532 1207 653 1266 omues,
683 1189 841 1269 imperium
868 1194 957 1269 atque
985 1189 1146 1252 arbitrium.

249 1290 326 1351 Nam
346 1289 462 1353 viribus
482 1289 571 1350 animi
593 1291 681 1368 juxta
702 1298 732 1352 et
753 1291 892 1371 corporis
918 1291 1045 1370 fractus,
1073 1312 1147 1354 exu-

248 1398 298 1454 tus
318 1390 450 1452 fortunis
471 1398 501 1453 et
520 1390 671 1468 amicitiis,
692 1392 848 1456 laboribus
870 1392 1024 1473 fatigatus,
1047 1394 1147 1456 denuo

249 1493 282 1554 in
307 1512 427 1554 scenam
448 1499 478 1553 et
498 1512 597 1554 aream
619 1495 706 1575 quasi
724 1496 873 1572 revocari,
895 1494 968 1556 nihil
982 1495 1053 1557 mihi
1066 1496 1148 1559 aliud

251 1593 346 1656 seculi
366 1595 487 1674 genium
505 1594 646 1672 intuenti,
669 1615 759 1676 qnam
780 1596 884 1658 bestiis
906 1596 998 1675 objici
1018 1598 1146 1662 videtur.

251 1696 321 1758 Tuli
340 1697 484 1758 hactenus
506 1696 676 1759 confratres
696 1697 755 1759 mei
772 1697 893 1777 collegii
910 1717 1037 1760 numero
1054 1697 1146 1778 80*),

250 1798 442 1878 paedagogos
460 1797 510 1874 15,
535 1798 707 1879 praefectos
724 1800 776 1877 31,
799 1819 867 1860 cum
889 1797 998 1878 quibus
1018 1818 1082 1860 uon
1103 1799 1148 1860 di-

251 1895 315 1960 cam
335 1898 458 1976 luctari,
485 1900 540 1962 sed
565 1919 624 1980 pro
644 1905 814 1982 temporum
837 1907 866 1961 et
887 1920 1011 1962 casuum
1030 1899 1147 1962 vicibus

250 2000 402 2080 ingenium
421 2001 570 2079 conferre,
591 2001 713 2066 labores
735 2002 917 2080 combinare,
939 2007 1046 2064 noctes
1067 2000 1147 2062 dies-

252 2122 309 2184 que
328 2111 501 2180 conterere,
521 2105 649 2167 adversa
669 2105 757 2166 etiam
775 2105 921 2179 dividere,
944 2101 1147 2181 voluptatisne

249 2210 412 2284 perpetuae
433 2204 473 2266 sit
491 2224 530 2266 an
545 2205 644 2279 taedii,
665 2205 765 2267 malim
783 2213 940 2286 expertum
957 2201 1059 2264 talium
1073 2220 1146 2282 pro-

250 2304 402 2383 nunciare,
418 2325 508 2387 quam
523 2306 580 2368 sibi
597 2313 712 2369 tantum
727 2315 868 2370 vacantes
885 2305 1045 2384 conjicere.
1073 2302 1148 2365 Mihi

251 2407 403 2488 equidem,
429 2408 562 2470 suffectis
590 2409 717 2471 subinde
744 2409 917 2472 recentibus
941 2405 1147 2486 antagonistis,

250 2527 314 2570 nou
329 2508 449 2571 tandem
466 2510 617 2574 exhauriri
628 2518 659 2573 et
677 2512 808 2574 deficere
825 2510 949 2589 majoris
964 2507 1085 2572 roboris
1103 2507 1148 2569 vi-

252 2611 349 2688 detur,
370 2631 459 2693 quam
480 2610 529 2673 cui
542 2631 600 2692 ego
620 2613 775 2676 sufficiam.
808 2613 878 2675 Fuit
892 2620 991 2675 tamen
1007 2608 1078 2672 anni
1093 2610 1148 2670 hn-

247 2712 299 2790 jus
319 2719 390 2792 post
409 2712 517 2774 milles.
538 2721 674 2776 sexcent.
691 2723 721 2777 et
740 2716 808 2795 trig.
819 2713 897 2776 sexti
916 2711 1068 2787 medietaS,
1090 2729 1148 2790 pro

251 2813 372 2894 publica
390 2812 554 2875 calamitate
573 2822 609 2895 et,
620 2815 671 2876 vix
687 2816 789 2878 audita
802 2809 965 2894 iame¹⁵⁹),
987 2814 1149 2876 simorum

251 2914 550 2979 dissolutissimorum
562 2917 714 2981 difficilem
724 2917 944 2980 correctionem
955 2923 985 2980 et
995 2917 1149 2980 vulturum

253 3016 485 3080 domesticorum
506 3018 648 3080 laniatum
670 3019 811 3100 excipias,
833 3018 1028 3082 tolerabilior.
1064 3021 1149 3084 Stre-

252 3135 321 3180 nam
343 3119 457 3198 primus
476 3119 631 3182 liberalem
647 3140 686 3182 au
703 3121 811 3202 stipem
828 3121 955 3184 contulit
970 3123 1148 3200 SchmidiuS,

157 3299 161 3307 ,
251 3217 432 3300 Argentiuae
453 3220 666 3304 theologorum
688 3223 867 3304 exemplum.
912 3224 1023 3288 Secuta
1045 3231 1091 3288 est
1113 3223 1149 3284 il-

251 3319 380 3385 lustriss.
406 3323 531 3386 heroina
556 3325 672 3407 Agatha
696 3325 1005 3411 Rupis-spoletanae
1032 3325 1151 3389 domina

252 3421 367 3504 antiqui
387 3425 487 3505 operia
507 3429 710 3510 geographico
730 3428 825 3511 globo
843 3435 1003 3510 argente03
1024 3446 1087 3491 non
1099 3425 1151 3488 de-

321 3635 351 3710 ⁴)
369 3638 436 3696 Cori.
452 3641 483 3697 h.
501 3647 529 3699 et
544 3643 591 3703 aa
613 3645 653 3701 75.
965 3731 984 3795 1

986 3733 1004 3794 1
