3025 4409
339 492 381 554 88
615 485 698 541 Liber
713 486 744 540 11.
780 483 965 541 lttl-mau

342 643 395 724 qui
422 650 456 704 nt
484 661 531 703 me
559 643 597 703 ad
623 660 657 705 se
681 650 823 704 vocatum
847 641 977 717 audivit,
1004 641 1148 703 maximas
1174 642 1238 721 egit

343 742 453 824 gratias
481 752 544 804 tum
571 742 614 803 ill.
635 741 764 822 principi
784 761 843 822 pro
863 741 1007 801 laudabili
1034 741 1065 801 in
1094 740 1239 803 ecclesias

343 845 516 905 Austriacas
543 842 650 903 ellectu
677 861 712 902 ac
741 843 780 903 de
809 861 843 904 se
864 842 950 902 etiam
971 842 1003 902 in
1024 842 1082 903 hoc
1103 842 1239 921 negotio,

342 942 555 1007 honestissimo
576 942 704 1019 judicio,
731 950 794 1004 turn
815 942 961 1004 ecclesiae
983 950 1014 1004 et
1032 944 1241 1004 Wirrtember-

253 1050 257 1057 ’
343 1044 428 1125 gicae
454 1063 512 1124 pro
540 1043 690 1105 indefessa
715 1043 767 1103 illa
792 1043 967 1105 sincerioris
993 1042 1149 1123 religionis
1169 1063 1241 1124 pro-

343 1145 517 1219 curatione,
546 1164 623 1224 quae
648 1162 720 1205 sane
746 1144 807 1205 hoc
825 1150 963 1223 tempore
989 1164 1051 1225 quo
1073 1144 1242 1206 Calviniaui

343 1243 469 1305 mirifice
487 1263 521 1305 se
535 1244 658 1306 efferant
676 1250 706 1305 et
717 1257 788 1323 post
802 1243 900 1305 varias
911 1244 1135 1306 mussitationes
1148 1246 1241 1324 pleno

344 1364 400 1407 ore
426 1344 607 1423 minitentur,
628 1346 717 1407 valde
729 1344 901 1406 necessaria
911 1343 958 1406 sit
990 1343 1173 1407 Curatur-um
1185 1346 1242 1426 igi-

344 1454 409 1523 tur,
438 1454 471 1507 ut
497 1466 584 1527 quarn
611 1447 768 1526 hucusque
797 1445 876 1505 inter
896 1464 970 1506 suos
990 1445 1167 1526 religionem
1190 1468 1242 1509 so·

345 1565 419 1608 nare
439 1547 570 1609 voluerit
591 1566 739 1629 quamque
761 1546 827 1625 ipse
852 1545 1067 1630 aparentibus
1087 1556 1242 1628 acceptam

346 1648 433 1709 cordi
457 1648 658 1728 impresserit,
692 1646 817 1707 eandem
844 1655 875 1708 et
899 1647 1038 1709 omnibus
1065 1649 1102 1711 iis
1131 1649 1243 1730 quibus

345 1748 520 1811 Antichristi
547 1746 719 1811 carceribus
746 1748 830 1810 exire
855 1749 1024 1828 contingat,
1050 1750 1193 1829 propinet
1213 1759 1244 1811 et

345 1849 448 1911 amicis
469 1848 686 1931 propinquisve
712 1849 777 1911 suis
803 1850 880 1909 hanc
908 1857 1077 1928 exoptatam
1098 1849 1243 1929 pn'ucipis
1292 1881 1295 1888 ·

344 1949 528 2013 oblationem
545 1951 659 2026 offerat,
681 1970 770 2031 quam
786 1951 849 2027 jam
870 1956 939 2010 ante
960 1949 1035 2010 sciat
1055 1950 1168 2029 magnis
1189 1950 1244 2032 de-

347 2051 465 2113 sideriis
495 2058 525 2111 et
551 2050 731 2130 gratitudine
760 2049 963 2129 amplexuros.
1016 2050 1123 2112 Oravit
1155 2051 1244 2111 etiam
1341 2013 1371 2077 .'

348 2152 459 2213 obnixe
484 2150 525 2211 ill.
547 2150 726 2229 principem,
755 2157 789 2211 ut
811 2170 880 2211 cum
906 2170 941 2212 se
966 2150 1038 2211 olim
1064 2152 1144 2213 inter
1168 2151 1245 2213 lide·

347 2252 441 2314 liores
464 2250 616 2311 ministros
636 2257 792 2329 receptum
812 2251 906 2314 luisse
927 2252 1108 2328 meminerit,
1137 2252 1175 2313 de
1196 2270 1245 2312 ea-

349 2352 416 2412 dem
431 2370 487 2411 sua
500 2352 560 2411 lide
578 2359 608 2412 et
623 2350 771 2430 obsequio
788 2352 827 2412 ad
844 2352 1018 2433 sanguinem
1034 2372 1132 2433 usque
1148 2372 1245 2433 porro

348 2471 437 2532 quam
459 2452 643 2514 certissimus
665 2470 733 2513 esse
753 2451 835 2515 velit.

392 2552 465 2613 lnde
491 2560 612 2614 ventum
641 2553 678 2613 ad
704 2552 841 2615 nobiliss.
868 2554 965 2615 virum
993 2556 1043 2615 dn.
1072 2550 1245 2613 Ortlrollum

349 2655 495 2739 Geimaun
516 2654 574 2714 hoc
594 2661 730 2733 tempore
750 2654 873 2715 nomine
893 2655 1026 2735 equitum
1044 2652 1244 2723 ordinarium

348 2756 375 2817 is
397 2774 458 2835 quo
480 2761 526 2815 est
546 2754 576 2815 in
598 2754 774 2835 religionem
787 2754 966 2816 sanctiorem
982 2754 1166 2817 ferventiore
1180 2762 1245 2815 stu-

255 2882 256 2887 *
349 2857 411 2931 dio,
432 2874 494 2937 quo
515 2855 656 2936 agriphis
675 2855 858 2917 Calvinianis
878 2855 1014 2932 alienior,
1036 2874 1074 2917 eo
1095 2854 1245 2934 prolixius

348 2956 392 3018 ill.
413 2956 557 3037 principis
579 2957 762 3036 praeclaram
788 2965 917 3019 mentem
937 2954 1120 3019 collaudavit
1140 2962 1170 3015 et
1190 2974 1246 3015 co-

349 3061 437 3119 natus
457 3076 530 3119 suos
552 3077 656 3119 omnes
678 3057 708 3117 in
730 3076 766 3117 ea
785 3057 953 3135 adjuvanda
970 3056 1141 3137 passimque
1162 3074 1246 3116 com-

349 3156 528 3219 municanda
547 3157 717 3238 promptius
738 3156 860 3219 addixit.
902 3156 1019 3237 Nempe
1041 3154 1170 3225 coelitus
1192 3154 1246 3215 de-

349 3257 466 3337 lapsum
494 3258 552 3319 hoe
579 3257 753 3332 consilium,
783 3258 866 3338 quod
888 3257 1070 3319 Calvinianis
1087 3257 1150 3333 jam
1171 3275 1246 3334 pro-

350 3358 511 3440 pemodum
532 3378 645 3438 paeana
666 3356 841 3419 canentibus
863 3359 948 3419 trena
968 3357 1094 3436 injiciat,
1115 3364 1145 3417 et
1164 3356 1244 3418 timi-

352 3462 453 3523 diores
481 3478 570 3522 verae
595 3458 750 3540 religionis
777 3458 909 3520 asseclas
935 3459 1008 3519 tanti
1033 3456 1178 3539 principis
1200 3458 1246 3517 iu-

353 3567 490 3624 terventu
512 3568 541 3623 et
562 3560 707 3624 solamine
727 3559 829 3639 erigat
859 3559 999 3621 Potuisse
1014 3560 1077 3637 jam
1095 3558 1246 3639 trepidare
