3025 4409
333 517 395 578 tto
597 509 680 565 nise
695 509 739 564 tv.
774 509 958 566 meo-mae.

335 665 446 728 neralis
471 687 577 746 magua
602 639 720 728 virtutis
747 669 777 728 et
803 665 992 727 innocentiae
1018 667 1095 726 lama
1116 665 1231 741 luisset,

338 787 405 827 cum
434 767 550 829 insidiis
575 767 816 828 consiliariorum
840 766 968 847 principi
995 765 1110 828 invisus
1131 766 1231 828 reddi-

337 874 402 945 tus,
433 867 504 928 nihil
533 866 664 928 monitus
689 885 746 928 nec
773 867 872 929 audita
898 886 1003 942 causa,
1038 865 1234 928 inexcusabili

338 967 478 1047 exemplo
493 967 565 1028 loco
584 979 771 1041 moveretur3
793 987 899 1046 magua
914 967 1107 1029 condolentia
1122 987 1140 1028 a
1160 967 1233 1028 civi-

338 1066 397 1128 bus
417 1067 492 1128 meis
511 1073 652 1144 receptus
673 1087 708 1127 ac
729 1067 913 1147 perbenigne
933 1067 1050 1129 babitus
1072 1074 1126 1128 est.
1172 1067 1234 1128 Ou-

335 1168 389 1245 jus
409 1167 560 1230 calamitas
580 1167 686 1245 majori
706 1167 778 1228 mibi
799 1167 898 1229 dolori
915 1167 984 1245 luit,
1015 1168 1097 1249 quod
1111 1168 1235 1249 nequic-

341 1286 430 1350 quam
451 1287 528 1348 quos
549 1268 633 1348 prius
658 1287 829 1348 propensos
851 1268 1016 1346 habuisset,
1042 1268 1236 1331 auxiliatores

341 1368 531 1448 implorarem
553 1375 584 1428 et
602 1367 659 1427 viri
674 1367 845 1429 innocentia
859 1365 991 1450 undique
1007 1388 1170 1448 suppressa
1183 1369 1235 1430 ad-

342 1469 483 1530 versariis
511 1471 576 1546 ejus
602 1468 731 1545 majores
756 1470 871 1530 animos
892 1469 1023 1529 adderet.
1067 1468 1128 1529 Sed
1150 1471 1236 1531 etiam

343 1566 554 1649 Christophori
565 1569 721 1649 Fiirlegeri
730 1567 964 1648 Noribergensis
978 1569 1133 1630 immatura
1145 1591 1235 1645 mom,

344 1687 432 1757 quem
459 1669 500 1730 ob
522 1668 749 1751 exquisitiorum
775 1669 968 1731 artificiorum
989 1669 1101 1730 cultum
1123 1681 1152 1732 et
1173 1691 1237 1732 mo-

344 1787 411 1829 rum
435 1770 644 1832 amoenitatem
671 1769 850 1846 dilexeram,
880 1770 1015 1832 tristitiae
1042 1789 1079 1830 ex
1106 1771 1238 1833 Helenae

345 1868 486 1932 Senberti
511 1873 649 1953 coniugis
677 1871 941 1949 conjunctissimae
964 1870 1048 1930 obitu
1074 1879 1239 1951 conceptae

344 1971 549 2033 accessionem
566 1972 645 2033 iecit.
681 1971 798 2049 Quibus
812 1971 942 2033 immixta
959 1978 1029 2032 sunt
1041 1969 1237 2052 aliqnalaeta‚

345 2088 454 2151 nempe
466 2071 592 2150 J'ubilaei
608 2073 719 2152 passim
736 2071 840 2132 indicti
860 2071 1013 2147 festivitas,
1035 2091 1111 2152 quae
1132 2073 1169 2132 ad
1191 2093 1239 2134 sa-

346 2189 426 2232 cram
443 2172 569 2251 synaxin
588 2171 838 2246 alenconensis,
861 2179 890 2233 et
911 2170 980 2251 plus
1000 2171 1098 2233 minus
1115 2173 1239 2234 tesseris

346 2271 471 2332 totidem
488 2271 566 2332 diem
580 2273 732 2349 juventuti
743 2279 775 2332 et
791 2271 940 2332 masculae
958 2279 987 2332 et
999 2271 1166 2334 foemineae
1179 2293 1239 2336 me-

346 2371 520 2432 morabilem
536 2372 620 2444 lecit3
641 2372 710 2432 dein
721 2371 886 2432 Eberhardi
904 2371 1027 2434 baronis
1038 2373 1238 2454 Rupis-Spo-

345 2469 522 2550 letani¹¹⁹)
541 2472 601 2549 (ex
626 2471 753 2534 ducibus
781 2471 952 2552 Spoletanis
977 2472 1117 2551 oriundi)
1143 2475 1239 2552 lavor,

347 2591 437 2654 qoem
451 2573 519 2650 eJ'us
535 2571 622 2633 aulae
638 2571 828 2634 ecclesiastes
840 2571 1003 2634 Nathanael
1016 2571 1158 2653 Dilgerus
1168 2574 1177 2609 ¹
1187 2573 1240 2650 ²⁰)

347 2672 477 2754 primum
497 2673 578 2752 apud
599 2675 699 2735 beram
721 2675 865 2754 Agatheam
886 2673 1024 2736 comitem
1051 2675 1241 2738 Solmensem

348 2772 492 2850 elegantis
513 2780 545 2835 et
560 2774 673 2854 ingenii
688 2783 719 2836 et
735 2777 849 2837 formae
870 2773 1032 2849 heroicam,
1053 2782 1114 2836 tum
1135 2778 1242 2840 lterum

347 2873 436 2935 etiam
461 2892 562 2937 rerum
595 2897 653 2938 usn
678 2877 844 2957 principem
876 2876 907 2936 in
933 2875 1055 2937 thermis
1081 2877 1183 2941 leriuis
1213 2886 1242 2940 et

348 2973 541 3038 Callensibus
562 2975 733 3038 conciliavit
752 2985 782 3039 et
806 2975 930 3040 aedibus
961 2979 1036 3040 meis
1067 2979 1241 3042 introduxit.

309 3073 310 3077 ’
347 3076 488 3158 Denique
511 3084 655 3157 vergente
688 3096 768 3140 anno
798 3078 912 3140 reditus
943 3080 981 3140 ad
1012 3097 1060 3140 me
1089 3078 1242 3141 Wilhelmi

348 3177 478 3254 Wonsii,
501 3177 553 3260 qui
573 3178 611 3238 ad
631 3177 776 3258 principis
796 3177 950 3258 Bipontiui
969 3179 1088 3259 nuptias
1108 3179 1145 3240 ab
1167 3181 1241 3242 hero

348 3277 485 3358 principe
510 3278 721 3358 Lunebnrgico
742 3279 861 3356 missus,
883 3280 921 3339 ad
941 3299 1000 3341 nos
1021 3280 1189 3356 declinavit,
1212 3287 1242 3340 et

348 3378 493 3440 amicitiae
511 3379 620 3460 pignus
637 3380 782 3441 Ludovici
795 3378 1008 3442 Holrenlelderi
1027 3379 1121 3442 filium
1134 3381 1241 3442 Wolff-

348 3500 476 3562 gangum
497 3481 635 3560 Augusto
656 3481 866 3562 Luneburgico
893 3479 1068 3542 eruditionis
1095 3481 1242 3542 admiran-

351 3579 406 3642 dae
432 3581 559 3662 principi
587 3581 689 3660 (cujus
710 3601 778 3644 cum
800 3601 837 3643 ex
859 3601 893 3645 oa
915 3581 1074 3644 occasione
1095 3579 1242 3644 innotuis-
