3025 4409
477 485 565 538 Aedes
582 482 712 554 proprias
729 484 909 538 exstruendas
927 492 1012 542 curat.
1133 491 1191 552 151

244 712 247 716 ¹
291 661 383 704 cursu
403 641 442 702 ad
463 641 551 718 hujus
575 640 718 702 Martium
730 640 942 719 continuatam,
963 647 1070 721 postea
1086 641 1191 704 remis-

291 743 423 817 siorem,
451 741 506 801 sed
528 742 626 803 statim
645 741 676 802 iu
696 741 780 804 lulio
810 742 1072 804 recrudescentem
1100 749 1131 803 et
1158 749 1192 804 ut

290 861 390 922 nuper
416 841 514 921 plebi,
541 843 582 904 ita
605 843 667 920 jam
689 841 888 921 opimioribus
914 841 1189 918 formidabiliorem,

290 963 369 1024 quae
386 943 450 1020 jam
469 943 508 1002 ad
523 941 712 1022 Septembris
727 944 915 1006 medietatem
936 945 1007 1004 50⁰.
1022 941 1118 1021 capita
1137 943 1189 1004 de

291 1043 403 1118 secuit,
428 1061 497 1103 cum
518 1042 636 1122 pridem
656 1040 687 1101 in
708 1063 873 1108 numeroso
896 1044 1005 1105 civium
1026 1054 1115 1106 coctu
1135 1063 1189 1106 au·

290 1163 348 1204 uus
370 1144 505 1206 centenis
527 1143 651 1205 circiter
670 1143 827 1206 funeribus
850 1145 1036 1226 exploratura
1064 1145 1189 1207 bivero

290 1245 493 1309 restituendae
509 1244 633 1324 politiae
645 1244 735 1324 plane
748 1245 923 1322 dissolutae,
938 1245 1107 1307 cicuraudis
1123 1265 1188 1308 mo—

290 1348 375 1409 ribus
395 1345 515 1408 licentia
537 1345 665 1408 efferatis
686 1355 716 1407 et
735 1345 852 1408 alendis
871 1345 1073 1427 curandisque
1091 1346 1189 1427 inopi-

290 1447 349 1510 bus
370 1445 471 1509 debiti.
512 1445 589 1507 Nam
609 1467 694 1521 cum,
720 1445 812 1508 rebus
840 1446 954 1508 nostris
980 1466 1043 1508 uno
1071 1447 1189 1510 excidio

291 1546 431 1626 perditis,
452 1552 534 1606 tauta
553 1546 732 1608 miserorum
754 1547 842 1609 turba
863 1547 948 1622 femi,
974 1547 1018 1608 lui
1040 1556 1069 1610 et
1089 1549 1188 1612 disso-
1248 1599 1249 1602 ,
1321 1549 1323 1555 ’

290 1647 399 1709 lutioui
426 1646 541 1727 absque
568 1646 650 1708 omui
676 1648 805 1708 bumana
825 1667 884 1726 ope
905 1647 942 1708 et'
955 1648 1073 1710 medela
1093 1669 1189 1730 expo·

291 1749 348 1810 sita
369 1746 561 1826 superfuerit,
582 1753 616 1807 ut
633 1747 749 1826 pridem
771 1747 915 1823 lanienae,
936 1746 977 1808 ita
993 1767 1075 1810 nunc
1088 1749 1188 1812 lentae

291 1855 322 1909 et
341 1846 524 1908 lamentabili
543 1846 634 1907 morti
653 1847 857 1927 depascenda:
884 1867 901 1906 e
922 1855 1076 1925 postremo
1098 1869 1188 1912 exor-

291 1967 353 2026 sus,
375 1947 511 2009 ordinem
526 1947 777 2030 aliquemcunque
798 1959 829 2012 et
848 1949 971 2030 politiae
989 1949 1122 2009 umbram
1139 1969 1188 2011 re-

290 2048 390 2123 stitui,
421 2050 625 2128 magistratum
652 2048 785 2111 officium
812 2067 1007 2130 recapessere
1032 2065 1095 2108 nou
1123 2049 1188 2111 sine

290 2146 411 2210 fastidio
437 2155 468 2209 et
492 2149 603 2212 invidia
628 2150 778 2228 bortatuS,
804 2150 918 2212 civibus
939 2147 1118 2228 obsequium
1139 2150 1188 2211 vel

290 2269 347 2328 per
362 2248 497 2329 jurgium
518 2250 668 2330 ingerens,
689 2253 869 2332 aequitatem
886 2251 917 2310 in
930 2249 1051 2330 publica
1068 2247 1188 2311 furandi

290 2350 426 2425 licentia,
447 2349 612 2411 baccbmrdi
632 2352 851 2414 consuetudine
871 2349 1090 2426 abstinentiam,
1120 2349 1186 2412 libi-

291 2450 370 2512 dinis
394 2448 575 2512 coufusioue
600 2451 747 2530 pudorem
769 2471 859 2532 saepe
879 2451 1099 2533 cum,ludlbrio'
1114 2469 1187 2530 pro-

291 2553 415 2632 pincus,
441 2550 525 2632 quod
551 2552 670 2612 tandem
695 2573 788 2632 supra
815 2573 908 2614 meam
934 2553 1023 2614 etiam
1049 2557 1188 2630 expecta-

290 2654 404 2714 tionem
424 2651 536 2713 frustra
556 2671 619 2713 nou
640 2652 733 2714 fuisse
752 2654 816 2715 voti
837 2671 908 2714 reus
929 2671 1004 2713 sum.
1056 2652 1129 2712 lude
1148 2653 1188 2714 ad

289 2752 436 2816 solandos
466 2751 676 2834 fovendosque
707 2771 818 2834 aegros
849 2760 878 2814 et
911 2751 1104 2832 sepeliendos
1134 2753 1188 2816 dc·

290 2855 421 2930 liructos,
444 2873 575 2935 quorum
590 2853 848 2934 septingentorum
864 2860 994 2932 stragem
1006 2871 1089 2915 mors
1102 2851 1187 2916 brevi

291 2954 451 3016 intervallo
467 2953 548 3031 fecit,
570 2973 746 3031 conversus,
768 2953 903 3016 subsidio
923 2953 973 3013 vel
994 2954 1084 3018 unius
1103 2955 1188 3018 oboli

291 3055 330 3116 ab
355 3055 439 3117 omni
463 3055 550 3116 etiam
576 3062 639 3116 tum
661 3055 743 3119 solva
765 3054 889 3128 vicinia,
919 3071 1001 3115 nuuc
1016 3054 1101 3131 justo
1123 3057 1186 3118 for-

291 3163 373 3218 tasse
393 3155 544 3235 supplicio
564 3157 682 3230 affecta,
710 3153 800 3216 nobis
821 3153 958 3235 improbe
979 3155 1141 3236 denegato,
1169 3175 1187 3218 a
1234 3214 1236 3218 ,

292 3254 427 3336 reliquiis
452 3256 566 3318 nostris
593 3256 672 3316 baud
692 3276 766 3317 saue
786 3256 898 3338 ubique
918 3257 1046 3336 promtis
1066 3257 1187 3337 exigere

292 3363 412 3417 etcum
433 3357 629 3436 emulgendo,
652 3366 714 3418 tum
735 3357 943 3421 distribuendo
964 3357 1124 3440 plurimum
1145 3357 1185 3420 si-

292 3456 380 3518 nistri
405 3457 511 3535 judicii
546 3465 576 3519 ct
602 3458 743 3522 mecum
769 3458 854 3522 vocis
881 3459 1017 3539 perferre
1042 3457 1187 3538 oportuit.

292 3557 432 3638 Denique
452 3557 568 3620 mendis
590 3566 635 3621 tot
653 3559 814 3638 famelicis,
838 3560 963 3622 maxime
983 3577 1057 3620 vcro
1078 3559 1186 3640 orphe-
