3025 4409
348 489 407 548 192
619 481 700 534 tiber
718 483 747 534 V.
782 481 967 538 rasa-lota.

302 685 305 689 «
346 639 480 715 claudnS,
496 640 549 700 sed
571 641 619 700 cui
640 639 854 719 procacissima
869 641 973 702 Venus
994 640 1139 716 saltatrix,
1152 641 1242 702 docta

345 741 425 802 aliud
445 741 590 802 lobannis
618 749 708 820 caput
733 741 898 820 praemium
923 743 1055 812 auferre;
1083 743 1162 802 bunc
1190 761 1241 802 se-

345 843 406 903 cuti
427 843 537 920 Satyri,
556 844 652 903 Fauni
673 850 703 902 et
713 841 812 920 Priapi
834 843 1006 904 sacerdotes
1028 842 1087 919 alii,
1109 841 1239 904 vitulan-

344 952 405 1017 teS,
432 951 493 1004 tum
521 945 598 1004 tauri
619 946 746 1024 pingues
774 949 804 1003 et
825 942 907 1022 capri
933 943 1060 1022 petulci,
1087 944 1140 1023 qui
1167 963 1239 1004 mox

343 1044 430 1105 nobis
457 1065 586 1123 pugnam
612 1045 779 1122 ambiguam
806 1043 967 1118 faciebant,
994 1063 1062 1104 curn
1082 1043 1238 1121 angustiae

341 1145 463 1222 spiritus
483 1144 596 1204 laxitati
617 1145 715 1205 carnis
736 1164 793 1204 nec
814 1145 973 1224 quicquam
996 1150 1234 1222 opponerentur.

341 1245 467 1324 Explosi
492 1264 594 1304 sumus
622 1246 709 1304 etiam
729 1245 767 1305 ab
789 1245 838 1320 iis,
861 1244 913 1305 ubi
933 1243 1009 1304 mica
1029 1263 1119 1304 verae
1140 1245 1235 1324 pieta-

342 1347 380 1406 tis
408 1364 567 1423 superesse
596 1345 788 1420 credebatur,
818 1353 932 1406 tantum
963 1345 1048 1406 abest
1080 1345 1235 1421 cesserint,

290 1523 294 1529 Ι
341 1447 451 1528 quibus
479 1446 678 1506 facinorosam
710 1446 922 1506 conscientiam
957 1447 1003 1508 nis
1036 1446 1235 1508 delinimentis

340 1566 486 1626 soporare
513 1553 558 1607 est
578 1566 745 1609 necessum.
787 1549 840 1609 llis
863 1566 970 1625 nempe
996 1547 1233 1610 conductoribus

339 1651 369 1709 in
397 1649 566 1708 barathrum
601 1647 682 1708 exitii
708 1656 896 1728 properatur.
939 1649 1056 1708 Interea
1082 1648 1155 1708 nihil
1187 1657 1233 1709 est

339 1749 497 1823 omissum,
525 1748 606 1828 quod
626 1748 676 1809 vel
697 1749 736 1808 ad
756 1749 928 1810 formandas
951 1747 1000 1808 vel
1021 1747 1231 1822 sublevandas,

338 1857 389 1911 aut
409 1849 614 1910 reformandas
634 1867 684 1909 res
706 1849 852 1910 ecclesiae
873 1849 1053 1923 faceret,cui
1070 1849 1123 1909 fini
1137 1869 1230 1928 syno-

337 1952 393 2012 dus
409 1952 472 2027 jam
493 1969 548 2028 per
567 1949 743 2010 sexennium
762 1949 931 2010 intermissa
957 1968 1064 2027 magno
1085 1949 1152 2010 nisu
1173 1949 1230 2009 im-

336 2058 460 2132 petrata,
482 2069 558 2129 quae
580 2050 680 2129 coepit
697 2052 746 2110 26.
761 2051 838 2128 Aug.
861 2049 968 2110 erectis
988 2049 1104 2124 animis,
1126 2050 1229 2112 desiit-

335 2171 394 2232 que
416 2149 540 2227 dejectis
563 2153 612 2211 11.
631 2150 714 2230 Sept.
735 2151 815 2210 etin
838 2148 992 2228 spongiam
1012 2150 1125 2226 incidit,
1146 2151 1228 2212 scili-

335 2260 383 2314 cet
413 2252 442 2312 in
475 2250 579 2329 capitis
612 2250 718 2311 dolore
751 2251 896 2312 medicina
927 2249 1054 2328 pedibus
1086 2253 1225 2314 adhibita.

332 2351 427 2412 Paulo
455 2359 524 2411 ante
550 2371 618 2410 cum
644 2351 786 2429 princeps
819 2351 894 2412 male
923 2351 1078 2414 consultus
1105 2375 1226 2415 manum

332 2451 422 2512 bonis
448 2451 656 2512 ecclesiasticis
684 2451 739 2511 sub
761 2451 912 2512 novalium
935 2453 1056 2514 nomine
1077 2453 1223 2532 injiceret,

332 2541 501 2613 intercessit
526 2551 752 2625 consistorium,
782 2562 810 2612 et
833 2552 925 2630 petito
947 2553 984 2612 ad
1006 2556 1035 2614 6.
1048 2554 1121 2616 Julii
1140 2555 1224 2633 prin-

332 2653 407 2733 cipis
428 2652 599 2733 colloquio,
626 2673 687 2734 quo
715 2672 784 2713 cum
811 2653 1012 2714 conscientiae
1037 2655 1172 2734 periculo
1195 2663 1226 2717 et

331 2754 389 2815 Dei
409 2755 591 2814 anathemate
610 2755 683 2814 baec
697 2773 746 2815 res
764 2753 934 2831 conjuncta,
955 2773 990 2814 ac
1005 2775 1094 2836 quam
1109 2757 1224 2835 aprin-

330 2856 428 2934 cipum
447 2861 672 2915 antecessorum
690 2853 821 2927 sancitis
843 2855 1026 2915 testamentis
1041 2876 1076 2917 ac
1092 2857 1222 2936 publicis

327 2955 594 3037 protestationibus
623 2954 719 3015 aliena
745 2961 840 3030 esset,
867 2953 985 3032 prolixe
1007 2959 1152 3033 ostendit,
1181 2959 1220 3019 ad

328 3076 405 3140 quae
431 3056 614 3136 perbenigne
633 3057 774 3135 princeps
795 3056 966 3133 respondit,
995 3064 1134 3120 testatus:
1165 3078 1220 3120 ne-

327 3177 476 3241 quaquam
496 3158 555 3216 boc
575 3157 672 3218 fraudi
691 3157 836 3218 ecclesiae
855 3157 930 3232 fore,
952 3159 1035 3238 quod
1048 3158 1126 3218 idern
1145 3177 1220 3220 con-

328 3258 432 3322 siliarii
458 3255 638 3319 secretiores
673 3257 775 3336 lingua
807 3259 938 3334 factiosi,
971 3257 1082 3320 inertes
1115 3279 1218 3340 opera,

326 3359 459 3422 sublesta
479 3357 538 3418 lide
554 3358 778 3420 confirmarunt.
808 3357 931 3421 Artibus
947 3365 1046 3419 tamen
1067 3360 1166 3422 curiae
1188 3369 1219 3422 et

326 3460 515 3540 harpyiarum
535 3458 667 3537 ingluvie
689 3461 841 3534 effectum,
870 3466 904 3520 ut
929 3458 979 3518 vix
1000 3457 1120 3518 dimidia
1146 3479 1217 3538 pars

325 3561 461 3638 praedae,
484 3559 569 3641 quasi
590 3559 672 3621 dono
691 3568 721 3622 et
741 3561 844 3640 gratia,
856 3561 893 3620 ad
906 3559 1062 3620 ecclesiam
1085 3559 1216 3636 redierit,
