3025 4409
309 525 419 592 August
430 519 507 574 Vind.
521 519 649 573 excurrit
659 517 691 573 G.
702 517 821 591 Adolplu
836 531 920 572 mors.
950 518 1064 590 Scripta
1099 521 1160 584 123

269 678 377 740 iterum
406 683 436 738 et
461 676 624 737 liberaliter
649 683 680 736 et
698 673 838 735 munifice
858 673 970 748 habuit,
998 693 1033 734 ac
1054 675 1161 755 exqui-

270 777 318 840 siti
339 779 370 838 in
392 777 483 838 rebus
510 775 688 837 mechanicis
709 795 783 836 usus
805 775 952 837 evidentia
972 775 1160 836 admirabun-

270 879 340 938 dum
366 878 445 939 iecit.
491 877 587 941 Paulo
614 884 698 955 ante,
732 895 840 955 nempe
866 879 895 936 9.
915 875 988 936 Julii
1013 874 1161 953 jubilaeus

270 978 437 1057 conjugalis
465 978 564 1040 soceri
589 979 647 1040 mei
668 975 880 1057 Poppenwilne
899 975 985 1036 hilari
1005 975 1162 1035 festivitate

270 1077 439 1140 celebratus
461 1084 521 1155 est,
542 1079 629 1156 cujus
648 1077 815 1157 pleniorem
826 1077 1056 1156 descriptionem
1067 1095 1161 1137 meam

270 1179 319 1240 hic
338 1199 399 1240 non
413 1186 519 1258 repeto
530 1177 612 1256 ¹¹⁷).
645 1177 790 1239 Inclinato
802 1195 882 1238 anno
894 1177 990 1238 visum
1003 1183 1048 1237 est
1059 1176 1162 1256 Augu-

272 1285 348 1340 stam
361 1280 587 1342 vindelicorum
604 1299 774 1354 excurrere,
795 1278 886 1340 sociis
905 1278 1040 1340 Erhardo
1062 1275 1163 1339 Mach-

271 1379 377 1460 tolpho
399 1387 429 1442 et
445 1379 664 1460 Christoplroro
682 1377 866 1441 Demmlero.
898 1381 999 1439 Domo
1021 1397 1161 1458 egressus

273 1484 304 1544 9.
325 1481 472 1543 Novemb.
495 1480 526 1541 in
551 1479 658 1540 itinere
685 1481 723 1540 ad
747 1480 914 1560 principem
940 1481 1059 1541 viduam
1083 1479 1164 1540 Niir-

272 1581 440 1661 tingensem
460 1580 568 1642 diverti
585 1600 642 1660 per
660 1580 793 1656 biduum,
816 1581 865 1643 13.
878 1581 992 1642 Ulmum
1013 1581 1092 1657 veni,
1112 1581 1164 1642 ubi

274 1682 409 1744 saltantis
429 1684 467 1743 D.
480 1681 623 1743 coitrado
644 1682 806 1756 Dieterico,
827 1681 1001 1742 Baithasare
1017 1683 1165 1743 Gookelio

274 1789 306 1843 et
320 1783 453 1844 Barbara
466 1781 654 1843 Constantini
666 1780 863 1842 Varenbiileri
877 1781 969 1842 vidue
984 1783 1095 1858 amiciS,
1115 1785 1164 1844 tt.

274 1882 440 1964 Angustam
460 1885 580 1963 pen-exi
598 1883 656 1945 viis
676 1883 774 1944 minus
794 1882 875 1944 tutis,
922 1881 1013 1942 invisi
1037 1883 1164 1962 primum

274 1985 344 2046 ton.
365 1984 550 2046 fridericum
577 1983 741 2063 principem
768 1981 931 2044 Palatinum
959 1981 1070 2044 acerbo
1096 2003 1164 2044 cum

275 2085 395 2161 morbo,
416 2084 468 2166 qui
483 2103 554 2146 mox
570 2083 686 2146 lethalis
701 2083 765 2158 init,
786 2081 1013 2144 conflictantem.
1049 2083 1166 2146 Dehinc

275 2185 428 2247 conductu
448 2184 586 2246 Andreae
605 2184 765 2246 Reiuhardi
784 2182 894 2245 veteris
914 2182 1000 2244 amici
1020 2183 1080 2244 adii
1097 2185 1166 2248 doli.

277 2286 452 2348 Conradum
464 2283 641 2347 Goebelium
660 2284 744 2346 urbis
765 2283 933 2359 antistitem,
956 2289 986 2344 et
999 2285 1166 2366 Philippum

276 2387 492 2448 lleiulroierum
517 2384 642 2446 aedilem
667 2384 884 2464 praenobilem,
910 2383 1062 2446 literarum
1082 2405 1166 2450 com-

277 2488 392 2549 mercio
407 2487 470 2566 jam
491 2485 689 2560 conciliatum,
710 2487 798 2563 cuius
813 2485 917 2546 lavore
929 2491 1095 2549 monstrata
1111 2509 1168 2550 no-

278 2587 327 2648 bis
352 2593 400 2648 est
426 2585 554 2667 ingentis
580 2585 668 2666 pretii
687 2592 718 2646 et
738 2585 844 2646 infiniti
864 2587 981 2650 artificii
1000 2591 1073 2649 cista
1094 2589 1168 2650 scri-

279 2688 387 2768 ptoria,
408 2707 517 2749 munus
537 2688 689 2766 Augustae
707 2685 792 2748 urbis
809 2688 1019 2766 augustissimo
1037 2689 1101 2770 regi
1111 2711 1168 2752 suo

279 2786 435 2849 liberatori
446 2788 581 2848 Gustavo
598 2805 696 2866 nuper
714 2786 855 2849 oblatum.
891 2788 1169 2870 Cuiperspiciendo

282 2891 353 2951 dnm
376 2887 503 2949 mediam
531 2887 609 2949 diem
636 2886 847 2966 impendimus,
874 2889 976 2952 obruit
1000 2909 1058 2954 nos
1077 2894 1170 2973 paulo

281 2996 352 3070 post
370 2986 648 3050 iuileinlroierianis
664 2987 890 3067 elegantissimis
908 2991 1032 3054 aedibus
1051 2993 1172 3058 luctuo-

282 3090 432 3153 sissimum
446 3087 485 3149 de
500 3086 600 3148 lierois
616 3085 802 3149 invictissimi
816 3091 901 3154 obitu
921 3093 1072 3171 nuncium,
1088 3097 1171 3176 quod

282 3192 388 3255 urbem
415 3207 533 3252 omnem
558 3187 642 3249 velut
663 3187 702 3248 de
728 3189 816 3251 coelo
844 3193 951 3271 dejecit
980 3201 1010 3256 et
1031 3196 1080 3256 18.
1102 3203 1172 3276 post

284 3291 425 3354 ocanni
451 3289 591 3351 indicium
612 3290 643 3349 in
668 3288 821 3368 publicum
848 3294 988 3371 ejulatum
1011 3301 1040 3356 et
1060 3295 1172 3358 lessum

285 3393 392 3464 solvit3
427 3395 475 3454 17.
497 3391 670 3453 senaculum
700 3390 905 3470 lustravimus,
941 3396 989 3457 cui
1010 3396 1113 3457 nescio
1135 3415 1172 3457 an

288 3494 448 3555 Germania
467 3489 565 3554 omnis
587 3490 696 3567 simile,
723 3513 792 3555 cum
811 3495 912 3574 operis
933 3497 1012 3558 mole
1033 3503 1062 3557 et
1082 3497 1172 3574 maje-

287 3600 379 3671 state,
407 3601 469 3656 tum
498 3599 621 3654 ornatus
649 3591 794 3672 elegantia
816 3595 927 3658 habeat.
970 3595 1103 3658 Comiter
1122 3600 1173 3659 ha-
