3025 4409
376 457 494 512 lucurrit
509 458 538 512 iu
555 457 742 529 suspicionem
760 460 919 529 synmatist.
935 459 1094 516 haereseos.
1124 471 1188 532 203

283 613 476 676 labelactams
502 637 569 677 sum
596 623 688 697 atqttc
713 617 849 694 dejectus
883 616 1068 678 tristissime
1093 619 1185 680 sortis

281 715 397 793 patriae
423 737 522 789 meae,
551 718 601 777 cui
627 719 794 796 periculum
822 717 922 796 parari
942 715 1040 796 palam
1060 717 1183 779 videba-

281 823 341 890 tur,
362 815 480 890 iutuitu,
503 825 532 877 et
552 825 664 880 mutata
682 819 781 880 victus
800 818 926 888 ratione,
947 817 1057 896 quibus
1078 818 1182 881 senilis

280 914 411 993 languor
440 924 471 976 et
505 917 635 980 debilior
670 919 810 998 corporis
847 917 1022 980 constitutio
1051 917 1181 997 impares

281 1015 375 1076 luere.
407 1016 533 1078 Substiti
548 1025 647 1080 tamen
662 1019 694 1080 in
714 1021 791 1080 meis
810 1020 939 1100 primum
960 1017 1094 1094 aedibus,
1116 1019 1180 1080 sive

281 1115 444 1177 Seleniauo
469 1117 507 1176 ad
528 1119 557 1177 3.
572 1118 670 1194 lunii,
697 1127 768 1198 post
788 1120 866 1180 buter
885 1117 1063 1180 selectiores
1084 1121 1180 1198 majo-

280 1218 325 1279 ris
340 1217 444 1279 circuli
462 1219 599 1279 adlectus
615 1221 645 1280 5.
659 1238 757 1300 usque
771 1219 844 1280 lolii
854 1215 938 1293 ²⁸⁷),
956 1217 1009 1279 ubi
1019 1219 1120 1280 redire
1130 1240 1180 1282 me

282 1319 404 1380 domum
419 1318 555 1393 morbus,
575 1318 689 1398 publici
705 1320 862 1382 convictus
880 1319 1047 1398 impatiens,
1062 1341 1099 1381 ac
1113 1320 1178 1400 ipsa
1216 1348 1218 1352 ·

281 1419 378 1482 moles
398 1418 511 1498 patriae
531 1420 705 1481 calamitatis
725 1420 883 1495 immensa,
909 1420 948 1480 de
968 1441 1028 1501 qua
1047 1421 1178 1500 posteri-

280 1531 328 1582 tas
347 1520 472 1581 liberius
492 1519 717 1598 pronunciabit,
738 1521 847 1599 coegit.
890 1518 986 1596 eujus
1007 1541 1076 1582 cum
1102 1521 1177 1582 deli-

281 1621 446 1682 nimentum
466 1639 522 1698 per
541 1619 734 1681 vindemiales
754 1619 845 1680 terias
861 1618 971 1680 Calvae
992 1639 1177 1698 quaererem,

280 1721 430 1800 sttsept.
450 1720 589 1782 afflictior
607 1720 647 1780 ad
666 1719 747 1780 lares
774 1717 859 1780 redii.
906 1719 1052 1798 Repetitis
1072 1727 1179 1799 postea
1209 1731 1211 1738 “

282 1820 427 1896 comitiis,
447 1841 517 1882 cum
537 1819 620 1882 nulla
640 1840 690 1880 me
709 1818 883 1880 invaletudo
904 1827 1071 1894 excusaret,
1093 1822 1178 1900 quast

281 1921 321 1982 ad
347 1921 450 1983 matris
471 1920 637 1982 communis
658 1928 689 1980 et
709 1940 808 1980 meum
829 1917 919 1982 lunus
939 1919 1067 1996 accitus,
1095 1941 1178 1984 com·

280 2021 370 2101 parui
383 2022 503 2102 quidem
521 2022 551 2081 3.
562 2020 654 2097 Νον.,
674 2020 805 2098 bospitio
823 2018 933 2081 nobilis
950 2027 1103 2082 matronae
1114 2022 1178 2084 llo·

281 2124 367 2186 siuac
390 2121 547 2184 Reiscbiae
570 2121 680 2182 viduae
699 2119 914 2200 percommodo
936 2127 1097 2200 exceptus,
1124 2121 1179 2182 sad

282 2223 517 2284 recrudescente
536 2221 644 2294 morbo
664 2221 706 2284 ita
726 2221 877 2284 exercitus
899 2229 929 2282 et
948 2228 1057 2296 tortus,
1077 2226 1111 2282 ut
1131 2239 1179 2282 re-

256 2366 259 2369 ,
283 2324 362 2386 verti
386 2325 436 2385 lb.
457 2321 495 2383 ad
520 2341 640 2401 aegram
666 2329 697 2382 et
721 2320 816 2400 ipsam
843 2323 1002 2402 conjugem
1029 2341 1077 2384 me
1096 2341 1179 2384 com-

284 2424 409 2504 pulerit,
447 2422 576 2502 hospitis
611 2421 675 2485 lilio
706 2420 828 2484 loanne
855 2421 972 2486 Jacobo
1008 2422 1049 2484 cb
1086 2423 1180 2502 patria

283 2524 437 2605 quondam
457 2521 646 2602 cognominis
666 2522 753 2584 amici
773 2522 946 2584 memoriam
964 2523 994 2584 iu
1009 2524 1181 2586 convictum

285 2633 316 2686 et
340 2622 480 2684 lamilmm
506 2628 650 2701 suscepto
670 2622 895 2686 28.Novembr.
916 2623 1012 2686 Paulo
1032 2643 1106 2686 vero
1127 2643 1180 2686 an-

282 2735 404 2806 tequam
416 2722 557 2785 abiissem
563 2768 573 2800 ,
595 2722 697 2802 erupit
713 2721 801 2784 ulcus
815 2741 833 2784 a
847 2727 995 2786 venenato
1010 2723 1047 2786 G.
1060 2725 1093 2785 b.
1109 2724 1180 2788 etl.

283 2820 403 2900 ΒΨ)
421 2823 560 2904 aspidum
572 2841 676 2884 momu
690 2824 770 2902 (quo
784 2818 855 2882 nihil
869 2821 1005 2898 astutius,
1027 2824 1182 2902 perfidius,

281 2924 465 2988 insolentius
496 2929 527 2984 et
556 2920 734 2984 vindentiue
768 2920 932 3002 excogitari
965 2923 1079 3004 potuit)
1114 2924 1183 2988 mibi

285 3025 495 3099 conciliem,
516 3023 600 3104 quod
622 3020 678 3084 etsi
698 3020 850 3100 praesenti
871 3030 902 3085 et
921 3024 1078 3088 subitaneo
1099 3044 1183 3088 amu-

284 3127 347 3190 leto
369 3132 505 3188 sanatum
526 3124 579 3200 ait,
605 3119 778 3184 memoriam
803 3129 901 3186 umen
923 3125 1044 3188 subdoli
1069 3126 1182 3190 lutino-

286 3228 329 3289 ris
355 3225 436 3288 baud
463 3224 556 3286 dubio
589 3221 709 3302 longam
741 3227 772 3282 at
799 3221 991 3290 inextinctam
1018 3225 1181 3306 'relinquen

287 3348 350 3390 non
375 3326 459 3407 quod
483 3324 558 3386 muti
585 3321 624 3384 sit
646 3339 666 3381 a
685 3321 789 3384 servili
815 3331 845 3388 et
866 3325 1077 3406 pulverulento
1099 3324 1183 3402 inga-

287 3429 340 3490 nio
368 3425 544 3506 pemtrbigi,
575 3428 627 3487 ant
652 3419 805 3488 insolitum
832 3443 889 3506 pro
915 3423 1068 3492 beneltelie
1093 3423 1184 3494 tuale-

289 3529 358 3592 fieia
378 3535 409 3590 et
429 3525 574 3590 amicitiae
595 3519 703 3586 onata
724 3523 842 3592 lustitia
863 3527 1016 3612 recipere,
1035 3521 1088 3588 aad
1115 3524 1185 3608 quia
