3025 4409
437 474 631 531 Commorim:
649 470 798 543 Tubiagae.
832 470 898 527 ldae
915 471 942 525 b.
959 468 1044 525 instit
1142 479 1183 539 19

276 643 307 693 et
327 651 406 713 quae
434 631 491 694 nisi
513 629 690 705 interiisset,
718 648 826 691 omues
852 648 937 691 meos
953 628 1105 706 juveniles
1125 648 1179 691 co·

274 740 365 795 natus
386 750 454 795 meo
470 730 588 810 judicio
609 730 745 793 anteiret.
781 730 843 791 Sed
865 729 982 791 mallem
997 729 1097 791 omnia
1113 749 1181 792 mea

273 832 433 895 obliterata
464 852 550 913 quam
579 832 667 911 plura
693 852 762 893 cum
788 830 900 893 invidia
923 837 1072 910 prostare.
1118 832 1178 893 lta·

273 954 336 1017 que
363 942 393 997 et
418 933 505 1013 plura
534 932 615 995 illius
641 930 788 1009 temporis
814 930 1029 993 sclrediaemata
1051 931 1179 1011 periisse

273 1034 349 1097 nihil
381 1034 481 1095 doleo.
534 1034 567 1095 lu
601 1033 659 1093 lroc
687 1032 766 1093 vitae
793 1052 905 1113 gauere
938 1034 1052 1095 amicos
1079 1050 1178 1095 novos

274 1141 381 1197 nactus
408 1134 477 1195 loli.
501 1134 706 1196 Baithasarmn
728 1133 1178 1202 Mosemm,.10n.ssernmrd.

274 1234 451 1304 Unfridum,
474 1234 542 1297 loir.
557 1234 773 1309 Beclrtoldnm‚
802 1234 1003 1314 Polycarpum
1022 1236 1178 1314 Lyserum,

274 1334 345 1395 Joh.
361 1334 753 1411 Martinumllauacberum,
770 1335 974 1398 Eberhardum
988 1332 1178 1409 Cleminium,
1257 1389 1260 1393 i
1311 1420 1316 1429 .

274 1435 441 1497 Antonium
467 1434 721 1519 Varenbiilerum,
749 1436 916 1497 Antonium
942 1437 1023 1515 Frey
1049 1444 1081 1497 et
1104 1434 1179 1497 favi-

274 1545 373 1599 tores:
396 1537 538 1597 'l'homam
562 1535 712 1611 bensium,
734 1536 897 1599 Antonium
921 1537 1099 1610 Winterum,
1121 1536 1178 1597 Za·

275 1636 405 1699 chariam
434 1635 644 1709 Sclmelcrum,
678 1636 714 1697 iis
743 1637 801 1698 sub
833 1637 967 1699 literario
996 1636 1179 1697 commercio

274 1738 366 1800 vitam
395 1755 547 1817 uunquam
574 1737 712 1799 molestia
743 1746 894 1799 carentem
923 1738 1054 1799 condivi.
1101 1737 1179 1799 Mat·

273 1841 393 1901 thaeum
415 1838 501 1899 etiam
523 1837 703 1899 Loeschinm
723 1836 1012 1916 horologiopoeum,
1041 1834 1180 1899 Christo·

274 1942 404 2020 pirorum
434 1938 603 1999 Sclmierlin
636 1938 820 1999 aurifabrum
853 1945 883 1997 et
910 1936 1057 1998 Davidem
1081 1918 1178 1999 llber-

276 2060 419 2103 maanum
445 2037 649 2115 scriniarium,
677 2037 718 2104 ob
740 2057 813 2100 suae
834 2057 986 2119 quemque
1005 2035 1078 2099 artis
1098 2036 1179 2116 peri-

275 2141 346 2203 tiam
360 2138 520 2202 familiares
535 2140 634 2201 habui.
663 2140 701 2201 [it
718 2160 756 2201 ne
771 2139 905 2203 insulsus
917 2157 1030 2213 essem,
1048 2138 1178 2219 clrely[e]

277 2242 366 2303 etiam
394 2259 430 2301 nc
451 2239 601 2301 testudine
622 2240 728 2303 ludere
748 2241 819 2303 Joh.
835 2242 968 2303 Diirvius
989 2239 1103 2316 docuit,
1124 2260 1179 2303 cu-

271 2344 325 2420 jus
353 2340 437 2404 nulla
464 2339 525 2401 vita
552 2360 618 2403 mea
638 2342 687 2403 val
709 2342 829 2423 puduit,
855 2342 905 2404 vel
925 2340 1081 2423 poenituit
1122 2341 1180 2404 liic

276 2448 421 2525 quantum
448 2461 504 2520 per
531 2441 725 2505 scholasticas
754 2463 865 2522 operas
891 2444 988 2523 (quae
1012 2452 1111 2503 maran
1138 2441 1179 2503 ob

276 2543 468 2605 alumnorum
490 2542 630 2604 duritiem
652 2544 811 2606 infeliciter
831 2543 977 2623 impendi)
998 2541 1121 2616 licebat,
1141 2542 1181 2603 ad

276 2642 447 2723 theologiae
469 2643 603 2705 studium
624 2644 714 2719 redii,
737 2643 915 2705 doctoribus
936 2642 1099 2718 Osiandro,
1119 2644 1181 2705 lla-

277 2744 438 2807 fenreffero
469 2751 498 2803 et
520 2742 684 2823 Sigwarto,
712 2744 824 2824 quibus
850 2744 969 2824 paterni
989 2744 1020 2805 in
1041 2764 1089 2805 me
1109 2743 1181 2805 afle-

278 2852 345 2909 ctus
371 2845 490 2907 laudern
512 2842 624 2915 tribuo.

288 2980 291 2989 Δ
317 2948 355 3010 Α.
376 2948 458 3009 1609
487 2944 649 3007 occasione
674 2944 855 3007 matrimonii
882 2944 962 3005 inter
981 2941 1181 3023 Christopbo-

277 3068 343 3111 rum
371 3046 567 3127 Wellinginm
595 3053 755 3124 cognatum
781 3053 844 3107 tum
873 3045 944 3107 milri
970 3044 1182 3121 conjunctissi-

277 3168 368 3224 mum,
392 3156 422 3211 at
439 3146 650 3214 Elisabetlram,
673 3145 792 3224 patritia
803 3144 983 3207 Rothiorum
995 3145 1106 3209 familia
1125 3164 1181 3207 no

277 3248 378 3324 bilem,
401 3248 455 3309 sed
474 3248 585 3327 pietate
608 3255 638 3308 et
658 3245 794 3307 moribus
815 3244 1005 3319 nobiliorem,
1026 3247 1182 3322 contracti,

278 3348 409 3423 Ulmum,
441 3368 529 3430 quarn
558 3348 680 3411 biennio
703 3353 773 3409 ante
794 3345 923 3426 primum
951 3346 1100 3421 videram,
1126 3346 1181 3409 ali·

277 3448 398 3530 quoties
420 3449 526 3525 revisi,
548 3469 567 3509 a
585 3448 724 3509 Jolranne
744 3446 998 3523 Scberrnario⁴⁹)
1016 3449 1086 3526 jura
1107 3466 1182 3507 ‹ron-

278 3549 360 3613 sulto
380 3548 542 3631 decrepiti,
571 3549 625 3611 sed
646 3547 760 3609 vivacis
780 3548 857 3610 senii
878 3548 944 3611 viro
970 3549 1020 3624 (ut
1038 3547 1069 3609 in
1090 3566 1180 3625 pane-

938 3643 984 3706 2*
