3025 4409
591 1285 741 1369 sinan
766 1261 987 1372 rnnnos.

717 1455 866 1464 ——-

472 1574 706 1619 DECENNIUM
727 1575 919 1620 cALvansE
940 1577 1104 1622 ratmunt.

339 1710 521 1843 Vaihingae
541 1759 663 1821 tandem
684 1767 807 1839 ereptus
830 1760 955 1822 Calvam
977 1761 1140 1823 translatus
1161 1781 1242 1840 sum,

341 1865 447 1929 urbem
473 1863 512 1924 ad
534 1861 717 1942 Nagolthum
738 1861 839 1937 sitam,
868 1861 1054 1923 commerciis
1081 1881 1119 1921 ex
1139 1860 1243 1922 laniti-

340 1969 388 2030 cio
399 1965 541 2039 nobilem,
562 1963 745 2024 humanitate
758 1968 789 2023 et
801 1962 965 2024 concordia
976 1963 1084 2024 civium
1095 1961 1139 2022 illi
1148 1961 1243 2040 plane

340 2067 530 2130 contrariam.
569 2061 666 2139 Cujus
687 2062 834 2124 ecclesiae
855 2083 923 2125 cum
943 2083 992 2124 me
1014 2065 1043 2125 5.
1066 2061 1165 2123 Martii
1185 2063 1242 2124 sti-

340 2171 458 2242 iissem,
479 2168 528 2225 1⁵2.
540 2161 633 2223 verba
653 2160 781 2223 faciente
799 2165 968 2225 reverendo
990 2162 1240 2225 anauloRuc-

340 2290 412 2332 cero
438 2265 546 2327 abbate
571 2260 778 2340 Hirsangiensi
801 2270 954 2346 nunquam
981 2263 1046 2326 sine
1071 2263 1241 2326 observan-

340 2371 381 2432 tia
401 2365 471 2427 mihi
491 2360 675 2423 nominando
696 2361 836 2426 admotus
858 2385 939 2442 sum,
966 2370 1128 2446 postquam
1149 2363 1239 2425 etiam

340 2476 409 2532 ante
428 2463 569 2526 familiam
589 2461 662 2522 illuc
682 2462 766 2524 tenui
785 2464 946 2526 admodum
959 2471 1066 2544 paratu
1086 2483 1150 2526 non
1171 2463 1239 2526 sine

339 2566 469 2632 ludibrio
496 2561 725 2625 transtulissem.
769 2564 826 2625 Ubi
846 2567 942 2646 prima
963 2585 1036 2628 cura
1056 2563 1112 2626 fuit
1132 2565 1240 2627 deces-

341 2690 445 2736 sorum
465 2663 594 2727 maxime
613 2663 682 2726 Joh.
698 2663 859 2727 Esthoveri
879 2686 988 2746 magno
1010 2671 1160 2746 proventu
1181 2683 1239 2743 per

340 2767 537 2856 quadraginta
558 2762 677 2825 circiter
696 2784 794 2826 annos
815 2787 920 2846 agrum
942 2765 1054 2828 domini
1068 2765 1237 2828 excolentis

339 2870 465 2952 vestigia
484 2872 568 2928 retro
589 2864 705 2944 legere,
733 2872 764 2926 et
785 2867 913 2948 quaein
934 2867 1000 2928 aliis
1019 2866 1238 2928 desiderassem

1363 1899 1377 1942 Ξ
1366 1785 1377 1835 2-9-
1367 1697 1377 1735 0
1369 1575 1376 1632 -—-
1371 1498 1377 1528 ,x
1374 1373 1377 1428 -

1363 1992 1377 2044 tt

1360 2094 1377 2148 it

1358 2205 1376 2249 n

1354 2308 1376 2367 qr

1353 2392 1376 2456 11

1354 2489 1375 2558 ἐπ”

1350 2588 1375 2662 5¹-

1347 2695 1360 2755 ζ

1360 2700 1366 2760 ,--

339 2994 421 3038 nunc
441 2972 506 3050 ipsc
526 2985 583 3046 pro
605 2985 639 3026 re
660 2963 820 3026 christiana
840 2967 953 3030 conari.
997 2965 1238 3044 Quamobrem
1345 3004 1363 3026 χ.

340 3096 409 3138 cum
435 3071 515 3133 cives
540 3086 626 3128 meos
651 3067 691 3127 ad
715 3065 964 3146 Argentiuenscm
989 3073 1154 3128 mercatum
1181 3063 1237 3125 ab·

340 3180 447 3238 euntes
469 3188 567 3232 essem
587 3165 754 3243 comitatus,
777 3175 896 3248 captata
917 3168 1078 3230 occasione
1092 3165 1185 3228 multa
1197 3165 1238 3227 de

339 3293 441 3339 rerum
461 3271 492 3330 in
511 3267 619 3330 melius
639 3269 848 3330 mutandarum
874 3269 1040 3330 rationibus
1066 3266 1181 3329 contuli
1206 3275 1239 3328 et

339 3371 544 3459 paratissimos
561 3370 649 3447 juxta
674 3368 906 3452 aptissimosque
927 3390 1019 3449 supra
1039 3387 1124 3448 spem
1146 3367 1236 3430 etiam

338 3474 446 3557 reperi
493 3469 551 3532 Oui
575 3489 643 3531 cum
669 3469 848 3533 accessisset
871 3469 989 3550 collega
1017 3469 1058 3530 M.
1080 3468 1235 3531 Erhardus
1338 3502 1341 3511 ·

339 3573 547 3652 Machtolphus
579 3570 625 3631 vir
653 3570 798 3631 candidus
831 3577 861 3630 et
890 3569 970 3630 serio
999 3569 1066 3630 zelo
1092 3570 1235 3648 flagrans,
1350 3535 1358 3576 ⁸
