3025 4409
365 463 461 515 Antam
480 458 573 522 lande,
596 455 700 510 coriam
717 453 856 524 vituperio
873 451 1059 522 prosequitur.
1102 457 1162 516 261

264 620 346 699 quod
369 617 406 677 ab
428 637 489 677 nno
510 614 656 674 malornm
677 612 841 672 architecto
862 609 999 670 infernali
1012 610 1078 669 lace
1090 627 1163 688 pro-

262 721 388 791 fectum,
422 716 452 774 in
479 715 547 775 sinn
573 714 631 773 Dei
654 711 781 772 vindicis
807 710 987 789 repositum,
1020 707 1163 790 aequiore

262 821 363 880 animo
389 817 538 888 tulissem,
564 813 621 873 nisi
645 813 674 872 id
697 833 765 874 eum
787 812 831 871 rei
853 809 1030 872 christianae
1057 818 1087 870 et
1113 829 1162 868 eo-

263 920 450 982 elesiasticae
478 915 656 975 detrimento
684 913 811 974 subinde
832 911 939 972 fuisset
959 911 1162 988 conjunctum,

262 1023 324 1083 hoc
344 1039 436 1081 nnnm
458 1024 561 1078 satana
582 1019 758 1098 satagente,
776 1033 832 1087 ne,
857 1032 925 1072 cnm
947 1018 1031 1072 tanto
1052 1009 1163 1085 studio,

263 1130 298 1182 nt
326 1119 483 1198 disciplina
504 1114 662 1176 christiana
683 1109 831 1193 religio*)
854 1112 1092 1187 combinaretur,
1117 1110 1164 1170 in·

264 1217 497 1294 cumbebatffl'),
521 1216 696 1288 obtinerem,
720 1214 774 1274 sed
788 1213 945 1276 virulentis
962 1210 1166 1293 sycophantiis

265 1321 515 1402 supprimeretur,
537 1315 663 1377 simonia
676 1333 761 1390 vero,
783 1315 960 1394 hypocrisis,
982 1314 1083 1390 luxus,
1105 1311 1165 1373 dis-

266 1423 391 1497 solutio,
411 1421 529 1481 luernm
550 1414 754 1493 triumpharet,
775 1414 852 1474 adeo
873 1414 955 1476 utin
973 1414 1080 1475 divinis
1099 1411 1166 1493 qni-

222 1604 226 1609 ,
267 1528 337 1586 dem
358 1522 431 1583 nihil
451 1519 608 1580 humanius
630 1515 694 1576 sive
714 1513 903 1575 inhumanius
922 1515 1038 1591 verius,
1059 1514 1090 1574 in
1111 1514 1166 1574 hn-

266 1625 364 1686 manis
389 1643 464 1683 vero
489 1619 562 1681 nihil
589 1614 716 1696 propius
737 1613 851 1689 lerino,
878 1615 909 1673 in
935 1613 1043 1675 alenda
1063 1620 1093 1674 et
1113 1633 1166 1674 cu-

267 1727 364 1788 randa
384 1724 471 1784 etiam
492 1716 621 1780 ecclesia
641 1713 712 1774 nihil
730 1714 890 1792 sacrilegio
901 1711 1026 1774 similius
1040 1711 1167 1774 subinde

266 1823 457 1906 apparuerit,
479 1839 555 1902 qnae
577 1815 747 1894 conjunctis
767 1815 919 1875 bonorum
940 1811 1044 1872 calidis
1066 1809 1166 1889 lacry-

267 1927 341 2002 mis,
368 1923 517 1984 malorum
544 1937 641 1999 nsque
669 1917 708 1977 ad
735 1913 848 1975 Christi
871 1911 1016 1991 judicium
1038 1907 1168 1988 tripudia

267 2028 318 2086 hio
340 2023 477 2104 deposita
497 2020 579 2082 volo.

267 2163 472 2177 ...-—---

339 2239 369 2307 ’)
387 2237 455 2290 Cod.
473 2237 517 2288 B.:
551 2238 581 2285 nt
602 2229 748 2300 disciplina
774 2225 925 2280 christiana
948 2238 1009 2275 cum
1036 2218 1169 2288 religione

270 2322 486 2376 combinat-etur.
521 2319 647 2372 eona:
669 2320 699 2366 ut
721 2312 787 2366 disc.
805 2310 899 2364 christ.
916 2304 1044 2377 religioni
1066 2300 1170 2356 combi-

271 2413 392 2462 notetur,

326 2490 371 2559 ll)
390 2488 512 2542 Cod.B.:
530 2482 727 2538 incumbebam.

626 2779 823 2790 ....—---—ae-
