3025 4409
393 505 593 560 continuantur
609 505 826 575 evangelicorum
843 507 1059 575 persecutiones.
1110 515 1167 572 141

282 663 397 724 socium
419 663 547 723 clamare
567 663 654 723 etad
674 682 778 723 necem
796 681 932 741 poscere,
954 670 987 724 ut
1008 665 1059 744 qui
1079 665 1170 744 paulo

281 771 351 824 aute
372 764 499 824 salutem
520 762 585 824 aliis
613 764 778 839 concessit,
804 764 842 824 de
868 783 921 825 sua
938 765 1000 840 jam
1021 765 1170 844 periclita-

281 872 373 925 retur.
417 865 478 924 Sed
505 872 625 943 ereptus
652 865 807 943 superiore
835 865 960 944 imperio
988 872 1170 946 evocataque

283 985 412 1044 propere
433 971 546 1039 turma,
574 972 734 1045 tempestas
757 966 899 1027 desaeviit
918 967 1038 1046 vitaque
1059 967 1170 1027 nostris

282 1067 445 1146 supersuit3
478 1072 629 1126 caeterum
660 1087 766 1128 manus
799 1069 873 1128 haec
903 1068 1050 1128 latronum
1078 1065 1170 1145 paulo

281 1174 352 1245 post
377 1166 415 1225 ad
443 1165 668 1245 Heidelbergam
694 1168 899 1230 internecione
926 1169 1022 1228 deleta
1050 1168 1170 1228 merito-

281 1287 346 1326 rum
368 1285 481 1345 poenes
503 1267 591 1328 dedit.
634 1269 750 1328 luterea
769 1290 825 1348 ego
843 1289 992 1350 nunquam
1010 1269 1096 1330 ovilis
1113 1269 1171 1329 mei

281 1367 433 1440 desertor,
464 1373 578 1426 tantum
608 1367 723 1428 hostilis
756 1369 915 1430 violentiae
945 1369 1070 1430 evitatur
1094 1370 1173 1430 inter

282 1467 378 1528 clivos
405 1486 557 1546 rupesque
578 1487 645 1527 cum
669 1467 781 1528 imbelli
802 1470 957 1530 mulierum
979 1476 1009 1530 et
1028 1471 1171 1549 parvulo-

283 1587 347 1626 rum
380 1586 471 1645 grege
499 1567 646 1628 interdum
675 1569 743 1647 plus
775 1570 947 1631 ducentario
982 1571 1172 1632 formicarum

283 1667 377 1728 instar
403 1667 614 1742 inerravimus,
641 1668 692 1728 ubi
719 1670 798 1730 coeli
818 1670 903 1731 lavor
923 1689 978 1748 per
997 1671 1055 1730 hoc
1075 1677 1171 1732 totum

282 1766 455 1827 calamitatis
476 1773 592 1846 tempus
613 1767 747 1830 insolens
767 1769 873 1829 mirum
895 1775 1035 1850 quantum
1050 1773 1172 1850 proluit.

285 1869 448 1948 Postquam
469 1869 669 1946 conflagrasse
689 1868 793 1928 urbem
817 1869 961 1943 constitit,
994 1872 1173 1933 secessimus

282 1967 509 2046 Aichelbergam
523 1969 617 2048 magis
632 1969 718 2029 etiam
734 1967 888 2028 borridum
900 1969 1015 2030 locum:
1030 1971 1082 2031 ubi
1102 1972 1173 2032 dum

283 2070 321 2130 de
331 2069 522 2130 latibulorum
533 2068 739 2130 distributione
752 2069 905 2130 sententiis
915 2069 1070 2146 variamus,
1085 2072 1173 2132 etiam
1268 2103 1271 2110 ⁴

282 2169 394 2248 proditi
413 2169 493 2230 hosti
512 2169 550 2229 ab
569 2169 773 2229 internecione
794 2169 882 2230 unius
903 2171 993 2230 horae
1009 2173 1173 2252 quadrante

283 2270 439 2332 abluimus.
482 2270 585 2350 ltaque
612 2269 756 2330 saevitum
783 2269 813 2330 in
839 2271 901 2332 loci
931 2271 1106 2350 opimiorem
1126 2274 1172 2335 in-

284 2371 398 2444 colam,
419 2369 472 2451 qui
492 2377 562 2448 post
582 2369 725 2431 immanes
746 2371 896 2432 cruciatus
918 2391 985 2432 cum
1006 2373 1096 2435 domo
1118 2395 1174 2436 sua

286 2478 433 2532 crematus
460 2477 514 2532 est.
565 2469 641 2530 Hine
674 2490 729 2530 eeu
757 2471 875 2532 turbine
901 2472 1016 2552 abrepti
1043 2475 1174 2556 Gerspa-

290 2570 387 2630 chium
408 2570 497 2630 trium
517 2570 673 2631 miliarium
689 2571 795 2632 itinere
812 2573 960 2650 profunda
976 2583 1065 2636 nocte
1085 2577 1175 2638 delati

285 2690 387 2732 sumus
408 2690 514 2750 magna
534 2671 640 2733 civium
662 2673 713 2752 qui
729 2675 845 2733 bostem
859 2672 1086 2751 suspicabantur
1100 2697 1175 2739 oon-

286 2773 482 2848 sternatione,
504 2792 582 2852 quae
595 2793 665 2833 mox
677 2774 708 2833 in
721 2772 954 2852 indignationem
968 2795 1064 2852 versa,
1085 2779 1174 2841 nobis

285 2873 392 2934 iterum
413 2873 630 2952 propemodum
651 2873 741 2934 exitio
763 2874 825 2936 luit.
857 2875 967 2937 Audita
979 2877 1099 2955 publice
1113 2899 1175 2940 vox

287 2980 333 3034 est
358 2974 530 3048 excitantiS,
556 2981 591 3035 ut
611 2972 774 3036 Calvenses
796 2994 884 3036 canes
906 2977 1054 3038 caestibus
1072 2979 1175 3042 interi-

285 3079 446 3135 merentur.
467 3074 627 3136 Meliorum
640 3081 754 3149 umen,
767 3095 784 3134 e
798 3075 905 3156 quibus
915 3077 1068 3140 lohannes
1078 3080 1175 3143 Gross

286 3175 415 3245 institor,
436 3175 532 3254 prima
547 3175 679 3250 meritur,
701 3175 755 3236 sed
771 3176 856 3236 etiam
870 3176 1006 3239 diversae
1022 3176 1174 3258 religionis

280 3275 484 3336 beneficentia
500 3275 531 3336 id
549 3275 691 3357 quicquid
709 3275 759 3336 vel
781 3275 906 3338 terroris
922 3277 972 3338 vel
990 3281 1102 3343 erroris
1120 3282 1175 3342 luit

287 3377 441 3456 rependit,
467 3395 544 3457 quae
568 3395 626 3436 nos
652 3375 744 3438 biduo
772 3376 858 3458 quasi
881 3377 912 3438 in
933 3397 1041 3441 securo
1061 3381 1173 3443 reiecit.

288 3474 448 3538 Caeterum
471 3475 564 3537 milite
592 3475 679 3536 etiam
704 3477 744 3537 ad
766 3477 833 3540 illas
861 3497 930 3540 oras
950 3486 1124 3558 penetrante
1146 3489 1176 3543 et

288 3595 406 3640 omnem
421 3576 551 3638 vicinum
568 3596 672 3656 agrum
686 3577 858 3656 populante,
879 3597 946 3640 cum
957 3581 1174 3659 propemodum
