3025 4409
287 481 381 535 innota
394 495 456 535 eum
469 478 621 533 Eneulrelio
633 478 762 533 amicitia.
780 478 935 533 Nascuntur
944 479 1015 533 varii
1025 480 1099 535 libri.
1140 490 1180 549 Μ

286 660 361 720 qnae
383 638 503 720 quidem
523 638 562 697 ad
582 658 630 697 me
650 644 864 717 pervenerunt,
885 638 942 697 buc
963 636 1176 714 tenderetur

285 747 453 819 comparata
473 760 541 801 esse
563 738 706 816 intelligo.
745 740 882 814 Quorum
903 758 992 799 cansa
1014 747 1044 800 et
1063 741 1173 818 gratias

284 840 335 899 tibi
356 861 413 919 pro
435 862 500 901 mea
521 850 605 920 parte
626 859 684 918 ago
707 846 737 898 et
756 847 791 899 ut
810 858 906 917 porro
926 840 984 900 hoc
1005 859 1101 919 genus
1120 843 1175 903 do-

284 941 370 1001 cendi
399 950 429 1003 ct
453 942 531 1003 bene
559 940 693 1001 merendi
714 939 855 1000 excolere
875 960 984 1019 pergas
1004 962 1111 1023 meque
1132 944 1176 1005 tui

283 1042 505 1120 cupidissimum
537 1041 639 1123 aliquo
671 1040 751 1119 apud
783 1048 813 1101 te
843 1040 915 1102 loco
947 1060 1016 1105 esse
1044 1043 1174 1122 patiaris

283 1142 367 1203 etiam
389 1153 479 1223 atque
500 1143 586 1204 etiam
609 1160 693 1220 rogo.

322 1244 397 1305 Vale
424 1244 470 1305 vir
495 1242 675 1305 doctissime.
723 1242 771 1303 Ex
792 1242 958 1303 Goldeecio
979 1263 1048 1306 meo
1066 1245 1174 1325 scripsi

281 1346 328 1406 <lie
349 1346 398 1407 28.
411 1344 570 1407 Decembr.
591 1342 729 1405 a.1617.

472 1444 531 1505 Tui
548 1444 675 1506 amiciss.
699 1443 850 1521 Georgius
872 1443 1019 1507 Acbacius
1036 1444 1172 1509 Enenkel

662 1546 743 1606 Baro
763 1544 981 1609 llobeneccius.

318 1646 397 1709 llnic
418 1664 480 1705 non
501 1663 673 1721 accurrere,
702 1664 766 1707 non
784 1651 881 1705 totum
901 1664 949 1705 me
974 1644 1091 1707 tradere
1117 1668 1170 1709 ve·

278 1746 333 1809 luti
343 1768 362 1808 a
374 1748 496 1808 numine
507 1746 677 1821 conciliato,
699 1744 838 1823 religioni
850 1744 963 1807 luisset.
992 1747 1089 1821 Quem
1101 1768 1170 1810 cnm

278 1848 509 1929 insequerentur
536 1846 647 1909 Tobios
678 1842 863 1920 Adami⁷⁶),
893 1844 1022 1906 Michael
1050 1848 1169 1909 Piccar-

278 1947 407 2025 dns⁷⁷),
428 1948 466 2009 N.
480 1948 728 2009 Marcbtenkerus
749 1952 780 2007 et
798 1944 849 2005 alii
869 1944 914 2005 rei
930 1944 1078 2006 literariae
1094 1968 1170 2027 pro·

278 2068 380 2124 ceres,
412 2057 446 2109 ut
467 2048 531 2126 jam
556 2055 702 2129 patronos
731 2052 761 2106 et
786 2051 976 2107 accusatores
1005 2065 1043 2107 ex
1067 2066 1167 2128 aequo

278 2170 478 2225 numerarem,
511 2148 711 2229 negligentior
737 2146 777 2207 ad
802 2165 983 2208 susurrones
1010 2147 1106 2210 lactus
1137 2157 1168 2213 et

277 2270 368 2313 aurae
389 2250 545 2325 fidentior,
573 2248 787 2328 Mythologiam
813 2247 953 2311 lectionis
973 2248 1072 2311 variae
1092 2250 1166 2311 mel-

277 2352 414 2427 lificium,
443 2350 707 2429 Christianopolim
727 2350 796 2411 lob.
813 2348 929 2410 Arndio
954 2348 1021 2430 (qui
1047 2357 1078 2413 et
1100 2351 1167 2431 ipse

277 2460 386 2532 sponte
406 2452 438 2513 in
459 2453 615 2515 amicitiam
635 2452 841 2527 concesserat)
867 2449 1035 2529 insignitam
1055 2460 1086 2513 et
1100 2453 1166 2514 lle-

277 2552 412 2615 morialia
431 2553 509 2615 inter
529 2555 641 2616 amicos
663 2550 896 2627 distributa⁷⁸),
915 2570 978 2612 uno
996 2570 1091 2627 anno,
1112 2554 1166 2613 ad-

273 2656 357 2731 jutus
373 2672 441 2715 cum
451 2654 661 2717 Euenkelianis
678 2661 740 2715 tum
752 2645 1077 2732 Hobenseld[er]ianis,
1099 2652 1166 2733 qui-

276 2753 331 2817 bus
341 2774 539 2817 amanuenses
550 2754 728 2817 sustinerem
740 2750 916 2831 sumptibus,
932 2750 1075 2831 protrusi,
1092 2752 1165 2832 quin

277 2862 305 2917 et
324 2854 521 2934 r[b]ytbmicis
538 2855 631 2917 sacris
642 2853 759 2915 lusibus
768 2851 893 2914 Besoldi
905 2852 1065 2931 conjugem
1072 2853 1164 2917 Barb.

276 2953 548 3033 Braitswertiam*)
562 2954 672 3017 multae
682 2953 821 3016 lectionis
832 2952 992 3013 foeminam
1006 2951 1163 3017 oblectavi.

315 3060 363 3119 Ac
389 3076 429 3119 ne
454 3056 567 3136 patriae
591 3074 675 3116 meae
698 3056 820 3135 ignarus
846 3054 878 3115 in
909 3054 1013 3115 alienis
1040 3052 1164 3115 oberra-

276 3173 347 3233 rem,
374 3176 451 3238 quae
471 3177 489 3219 a
510 3156 672 3235 majoribus
693 3154 899 3235 antiquitatum
919 3153 1165 3235 Wirtembergiae

277 3257 449 3337 consignata
472 3264 536 3319 tum
556 3256 593 3317 ab
614 3254 680 3317 aliis
701 3254 836 3334 inprimis
856 3274 931 3318 vero
952 3254 1163 3316 Bidembacbio

278 3362 306 3417 et
329 3356 464 3421 Besoldo
490 3357 707 3419 communicata
732 3374 922 3436 acceperam,
954 3356 1091 3418 adhibitis
1117 3355 1163 3415 in·

341 3567 367 3636 ⁴)
386 3566 453 3621 Cod.
474 3571 496 3620 A
514 3571 539 3621 m
555 3568 590 3623 B:
607 3567 868 3623 Braitscbwertiam.

967 3654 1016 3716 μ
