3025 4409
331 480 393 541 136
597 473 681 528 Liber
696 471 740 526 lV.
776 471 959 528 1630—1639.

246 661 249 664 ⁴
331 628 384 691 Sic
398 627 462 692 dies
474 630 556 692 lente
570 638 601 691 et
615 650 671 710 per
680 626 911 692 vociferationes
922 627 1111 707 ejulatusque
1124 635 1227 704 tracta,

331 729 517 794 elabentibus
544 740 643 793 tamen
670 737 704 792 ut
723 747 790 790 mee
811 727 915 807 opinio
944 735 1072 790 estnon
1095 735 1230 789 contem-

331 831 423 917 nendi
444 833 561 893 numeri
586 831 765 893 hominibus,
815 827 891 890 Nam
911 829 961 890 vel
982 829 1021 889 ad
1041 847 1089 888 me
1107 829 1160 890 hac
1181 828 1230 890 die
1298 911 1300 916 Α

335 930 367 992 in
393 930 544 1010 sylvarum
571 933 671 994 abdita
691 931 795 1012 plures
816 929 1041 1004 confluxerunt,
1069 929 1122 1009 qui
1142 927 1231 990 mise-

331 1031 441 1093 rationi
461 1033 578 1112 potius,
606 1033 661 1094 sed
683 1039 713 1092 et
733 1032 820 1091 oneri
840 1030 975 1108 fuerunt,
1005 1049 1094 1111 quam
1119 1036 1153 1090 nt
1173 1048 1230 1108 ego

331 1131 382 1194 vel
406 1134 611 1195 succurrendo
632 1132 681 1194 vel
702 1132 879 1194 sustinendo
902 1149 1009 1192 essem.
1046 1129 1232 1210 Deprehensi

331 1233 364 1296 in
390 1234 466 1296 urbe
493 1254 562 1294 cum
589 1233 655 1294 aliis
676 1231 902 1294 lohanlacob.
916 1229 1032 1292 Andler
1051 1231 1230 1310 praefectus,

332 1334 504 1396 [rudovicus
526 1334 675 1395 Kleinbub
696 1333 819 1409 consul,
848 1333 998 1412 Georgius
1025 1334 1102 1393 fless
1129 1338 1233 1392 actua-

332 1434 406 1511 riuS,
421 1435 490 1496 Joh.
499 1434 606 1496 Jacob.
619 1434 832 1496 lloertenbach
841 1433 946 1512 judex,
959 1433 1028 1494 Joh.
1041 1432 1145 1493 Jacob.
1161 1433 1233 1493 Stu-

332 1535 389 1596 ber
414 1555 451 1596 ex
481 1534 629 1614 primariis
652 1533 784 1611 civibus,
816 1542 846 1594 et
874 1533 1023 1594 serviliter
1044 1553 1080 1594 ac
1101 1531 1230 1611 indignis

335 1633 432 1696 modis
449 1634 541 1696 habiti
562 1634 621 1709 alii,
644 1634 696 1715 qui
716 1644 787 1714 post
807 1635 932 1696 vulnera
954 1641 984 1695 et
1005 1635 1098 1714 flagra
1122 1652 1231 1712 magno

334 1753 369 1796 se
394 1735 474 1813 lytro
500 1736 706 1812 redemerunt,
732 1736 862 1798 fortunis
891 1737 983 1797 nihilo
1011 1735 1108 1795 minus
1135 1734 1232 1794 omni-

333 1834 392 1897 bus
413 1837 538 1898 extortis
567 1844 619 1896 ant
638 1837 773 1915 perditis.
820 1836 1056 1915 Christophorus
1079 1835 1232 1896 Demmle-

334 1956 388 1998 rus
418 1937 465 1998 vir
494 1936 572 1998 latae
604 1937 698 1999 famae
725 1960 743 1999 a
769 1937 870 1998 multis
898 1936 1009 2016 petitus
1036 1955 1092 2016 per
1115 1936 1232 1998 medios

334 2037 437 2099 hostes
468 2038 566 2116 erupit
594 2046 624 2098 et
650 2040 709 2100 huc
729 2055 828 2118 usque
849 2055 967 2098 ornnem
988 2037 1231 2117 persequentium

335 2138 504 2217 indaginem
526 2145 572 2199 est
591 2138 761 2198 frustratus.
794 2137 853 2197 Est
875 2155 970 2216 genus
992 2135 1070 2196 inter
1089 2137 1148 2197 alia
1168 2144 1233 2198 tor-

335 2237 427 2298 menti
439 2238 598 2314 recentius,
611 2238 642 2298 ni
652 2238 750 2312 fallor,
767 2256 855 2318 quern
866 2236 1010 2297 Suecicae
1020 2236 1170 2298 sanitatis¹
1180 2234 1231 2313 ⁴³)
1293 2243 1294 2248 ’

335 2325 399 2416 per
416 2338 626 2398 contumeliam
653 2339 791 2399 haustum
817 2346 940 2413 vocant,
967 2357 1036 2399 cum
1057 2337 1138 2398 humi
1158 2357 1231 2418 pro·
1280 2398 1284 2408 ,

337 2442 430 2498 struto
458 2445 489 2498 et
512 2438 642 2500 distento
670 2438 792 2519 orisque
818 2437 895 2499 rictu
917 2438 1033 2499 firmato
1056 2457 1151 2518 aquae
1172 2438 1232 2498 vim

338 2557 474 2618 magnam
494 2537 654 2600 infundunt
674 2557 841 2620 rursusque
857 2539 1001 2600 stomachi
1021 2537 1155 2600 violento
1176 2537 1231 2598 im-

336 2637 427 2717 pulsu
455 2637 582 2713 elidunt,
610 2658 671 2720 quo
699 2637 839 2720 quicquid
866 2639 896 2700 in
924 2638 1029 2700 abditis
1058 2645 1104 2699 est
1130 2645 1232 2699 extor-

337 2745 445 2820 quent,
470 2745 505 2801 ut
531 2740 628 2801 omnis
653 2740 767 2819 pietas,
799 2739 874 2802 fides
901 2746 931 2800 et
957 2739 1064 2800 caritas
1092 2739 1232 2800 secretis-

337 2839 412 2902 sima
427 2859 574 2922 ¹quaeque
600 2841 714 2901 credita
739 2840 856 2920 prodat
898 2839 975 2901 Hinc
995 2839 1067 2902 nihil
1083 2838 1163 2918 juvit
1183 2838 1231 2900 vel

337 2948 418 3002 terra
438 2941 589 3003 defodisse
616 2941 664 3002 vel
684 2941 769 3021 aquis
791 2941 968 3004 demersisse
994 2941 1044 3002 vel
1064 2940 1156 3002 muris
1177 2940 1231 3000 im-

337 3041 456 3103 misisse
480 3042 529 3105 vel
561 3041 712 3121 speluncis
739 3048 792 3103 aut
818 3041 912 3122 sylvis
939 3040 1149 3118 abscondisse,
1181 3048 1232 3101 aut

337 3142 393 3205 ulli
412 3151 536 3205 naturae
561 3142 638 3203 sinui
666 3141 852 3221 deposuisse.
900 3142 951 3202 Sic
978 3143 1026 3203 die
1052 3140 1230 3203 cruciatibus

339 3244 518 3306 miserorum
531 3254 560 3306 et
571 3243 794 3323 confringendis
807 3243 1043 3324 supellectilibus
1059 3242 1122 3304 sive
1141 3260 1231 3302 orna-

338 3344 460 3408 tissimis
477 3344 541 3407 sive
556 3343 809 3406 artificiosissimis
826 3343 889 3406 sive
908 3341 1142 3424 pretiosissimis,
1164 3341 1230 3422 qui-

339 3445 398 3510 bus
414 3447 543 3509 fortasse
553 3444 697 3506 barbarae
709 3463 814 3505 manus
829 3443 1106 3524 parsissent‚noctu
1120 3441 1230 3522 stupris

226 3544 228 3548 ’
339 3546 535 3611 foeminarum
556 3552 587 3606 et
605 3545 774 3625 puellarum
792 3545 879 3607 etiam
901 3545 1135 3620 immaturarum,
1158 3563 1231 3624 qua-
