<?xml version="1.0" encoding="UTF-8"?>
<!DOCTYPE html PUBLIC "-//W3C//DTD XHTML 1.0 Transitional//EN"
    "http://www.w3.org/TR/xhtml1/DTD/xhtml1-transitional.dtd">
<html xmlns="http://www.w3.org/1999/xhtml" xml:lang="en" lang="en">
 <head>
  <title>
</title>
<meta http-equiv="Content-Type" content="text/html;charset=utf-8" />
  <meta name='ocr-system' content='tesseract 3.04.00' />
  <meta name='ocr-capabilities' content='ocr_page ocr_carea ocr_par ocr_line ocrx_word'/>
</head>
<body>
  <div class='ocr_page' id='page_1' title='image "./ioannisvalentin00andrgoog_0256.png"; bbox 0 0 3025 4409; ppageno 0'>
   <div class='ocr_carea' id='block_1_1' title="bbox 337 485 966 552">
    <p class='ocr_par' dir='ltr' id='par_1_1' title="bbox 337 485 966 552">
     <span class='ocr_line' id='line_1_1' title="bbox 337 485 966 552; baseline 0 -15"><span class='ocrx_word' id='word_1_1' title='bbox 337 492 401 552; x_wconf 71' lang='lat' dir='ltr'><strong>m</strong></span> <span class='ocrx_word' id='word_1_2' title='bbox 605 485 688 540; x_wconf 60' lang='lat' dir='ltr'><strong>uiue</strong></span> <span class='ocrx_word' id='word_1_3' title='bbox 705 486 748 540; x_wconf 87' lang='lat' dir='ltr'><strong>vi.</strong></span> <span class='ocrx_word' id='word_1_4' title='bbox 783 485 966 542; x_wconf 76' lang='lat' dir='ltr'><strong>ieie-isle.</strong></span> 
     </span>
    </p>
   </div>
   <div class='ocr_carea' id='block_1_2' title="bbox 281 640 1266 3136">
    <p class='ocr_par' dir='ltr' id='par_1_2' title="bbox 281 640 1266 2732">
     <span class='ocr_line' id='line_1_2' title="bbox 341 640 1241 724; baseline -0.001 -22"><span class='ocrx_word' id='word_1_5' title='bbox 341 640 469 721; x_wconf 84' lang='lat' dir='ltr'><strong>amplius</strong></span> <span class='ocrx_word' id='word_1_6' title='bbox 488 643 773 724; x_wconf 79' lang='lat' dir='ltr'><strong>quinquagenarium</strong></span> <span class='ocrx_word' id='word_1_7' title='bbox 786 643 930 724; x_wconf 82' lang='lat' dir='ltr'><strong>Augusta,</strong></span> <span class='ocrx_word' id='word_1_8' title='bbox 950 661 1049 722; x_wconf 88' lang='lat' dir='ltr'><strong>aequo</strong></span> <span class='ocrx_word' id='word_1_9' title='bbox 1067 643 1166 702; x_wconf 89' lang='lat' dir='ltr'><strong>animo</strong></span> <span class='ocrx_word' id='word_1_10' title='bbox 1190 649 1241 701; x_wconf 90' lang='lat' dir='ltr'><strong>tu-</strong></span> 
     </span>
     <span class='ocr_line' id='line_1_3' title="bbox 342 739 1241 825; baseline -0.007 -19"><span class='ocrx_word' id='word_1_11' title='bbox 342 745 391 821; x_wconf 91' lang='lat' dir='ltr'><strong>lit,</strong></span> <span class='ocrx_word' id='word_1_12' title='bbox 418 746 567 825; x_wconf 71' lang='lat' dir='ltr'><strong>heringae</strong></span> <span class='ocrx_word' id='word_1_13' title='bbox 592 750 622 804; x_wconf 90' lang='lat' dir='ltr'><strong>et</strong></span> <span class='ocrx_word' id='word_1_14' title='bbox 642 743 832 822; x_wconf 81' lang='lat' dir='ltr'><strong>Stutgardiae</strong></span> <span class='ocrx_word' id='word_1_15' title='bbox 858 743 988 823; x_wconf 87' lang='lat' dir='ltr'><strong>hospitio</strong></span> <span class='ocrx_word' id='word_1_16' title='bbox 1016 742 1095 817; x_wconf 84' lang='lat' dir='ltr'><strong>fixo,</strong></span> <span class='ocrx_word' id='word_1_17' title='bbox 1123 759 1183 822; x_wconf 93' lang='lat' dir='ltr'><strong>qno</strong></span> <span class='ocrx_word' id='word_1_18' title='bbox 1204 739 1241 800; x_wconf 89' lang='lat' dir='ltr'><strong>in</strong></span> 
     </span>
     <span class='ocr_line' id='line_1_4' title="bbox 342 839 1241 922; baseline -0.008 -17"><span class='ocrx_word' id='word_1_19' title='bbox 342 845 488 907; x_wconf 86' lang='lat' dir='ltr'><strong>haecum</strong></span> <span class='ocrx_word' id='word_1_20' title='bbox 508 844 623 906; x_wconf 90' lang='lat' dir='ltr'><strong>musico</strong></span> <span class='ocrx_word' id='word_1_21' title='bbox 644 844 810 922; x_wconf 83' lang='lat' dir='ltr'><strong>stipendio,</strong></span> <span class='ocrx_word' id='word_1_22' title='bbox 838 851 901 905; x_wconf 92' lang='lat' dir='ltr'><strong>tum</strong></span> <span class='ocrx_word' id='word_1_23' title='bbox 931 843 1006 905; x_wconf 88' lang='lat' dir='ltr'><strong>rude</strong></span> <span class='ocrx_word' id='word_1_24' title='bbox 1028 841 1100 904; x_wconf 88' lang='lat' dir='ltr'><strong>satis</strong></span> <span class='ocrx_word' id='word_1_25' title='bbox 1120 839 1241 902; x_wconf 88' lang='lat' dir='ltr'><strong>liberali</strong></span> 
     </span>
     <span class='ocr_line' id='line_1_5' title="bbox 345 939 1241 1023; baseline -0.009 -17"><span class='ocrx_word' id='word_1_26' title='bbox 345 951 376 1006; x_wconf 87' lang='lat' dir='ltr'><strong>et</strong></span> <span class='ocrx_word' id='word_1_27' title='bbox 393 946 559 1008; x_wconf 87' lang='lat' dir='ltr'><strong>amicornm</strong></span> <span class='ocrx_word' id='word_1_28' title='bbox 579 943 714 1007; x_wconf 90' lang='lat' dir='ltr'><strong>subsidio</strong></span> <span class='ocrx_word' id='word_1_29' title='bbox 735 946 871 1023; x_wconf 89' lang='lat' dir='ltr'><strong>adjutus,</strong></span> <span class='ocrx_word' id='word_1_30' title='bbox 897 945 997 1020; x_wconf 86' lang='lat' dir='ltr'><strong>vitam,</strong></span> <span class='ocrx_word' id='word_1_31' title='bbox 1020 942 1118 1004; x_wconf 89' lang='lat' dir='ltr'><strong>omnis</strong></span> <span class='ocrx_word' id='word_1_32' title='bbox 1140 939 1241 1001; x_wconf 84' lang='lat' dir='ltr'>morbi</span> 
     </span>
     <span class='ocr_line' id='line_1_6' title="bbox 345 1036 1241 1126; baseline -0.008 -19"><span class='ocrx_word' id='word_1_33' title='bbox 345 1036 471 1126; x_wconf 78' lang='lat' dir='ltr'><strong>expers,</strong></span> <span class='ocrx_word' id='word_1_34' title='bbox 496 1046 639 1108; x_wconf 80' lang='lat' dir='ltr'><strong>continua</strong></span> <span class='ocrx_word' id='word_1_35' title='bbox 659 1045 746 1104; x_wconf 86' lang='lat' dir='ltr'><strong>orexi</strong></span> <span class='ocrx_word' id='word_1_36' title='bbox 767 1053 797 1106; x_wconf 91' lang='lat' dir='ltr'><strong>et</strong></span> <span class='ocrx_word' id='word_1_37' title='bbox 813 1047 910 1109; x_wconf 90' lang='lat' dir='ltr'><strong>somni</strong></span> <span class='ocrx_word' id='word_1_38' title='bbox 931 1045 1070 1106; x_wconf 77' lang='lat' dir='ltr'><strong>facilitate</strong></span> <span class='ocrx_word' id='word_1_39' title='bbox 1091 1039 1241 1121; x_wconf 89' lang='lat' dir='ltr'><strong>tranquil·</strong></span> 
     </span>
     <span class='ocr_line' id='line_1_7' title="bbox 344 1141 1243 1228; baseline -0.007 -21"><span class='ocrx_word' id='word_1_40' title='bbox 344 1146 418 1223; x_wconf 87' lang='lat' dir='ltr'><strong>lam,</strong></span> <span class='ocrx_word' id='word_1_41' title='bbox 450 1149 505 1209; x_wconf 90' lang='lat' dir='ltr'><strong>sed</strong></span> <span class='ocrx_word' id='word_1_42' title='bbox 535 1145 655 1207; x_wconf 88' lang='lat' dir='ltr'><strong>minime</strong></span> <span class='ocrx_word' id='word_1_43' title='bbox 687 1147 814 1207; x_wconf 86' lang='lat' dir='ltr'><strong>otiosam</strong></span> <span class='ocrx_word' id='word_1_44' title='bbox 841 1148 985 1228; x_wconf 90' lang='lat' dir='ltr'><strong>produxit</strong></span> <span class='ocrx_word' id='word_1_45' title='bbox 1010 1146 1048 1206; x_wconf 91' lang='lat' dir='ltr'><strong>ad</strong></span> <span class='ocrx_word' id='word_1_46' title='bbox 1079 1141 1243 1221; x_wconf 82' lang='lat' dir='ltr'><strong>nonagesi-</strong></span> 
     </span>
     <span class='ocr_line' id='line_1_8' title="bbox 281 1246 1242 1328; baseline -0.007 -20"><span class='ocrx_word' id='word_1_47' title='bbox 281 1258 284 1261; x_wconf 84' lang='lat'>&#39;</span> <span class='ocrx_word' id='word_1_48' title='bbox 345 1267 428 1308; x_wconf 92' lang='lat' dir='ltr'><strong>mum</strong></span> <span class='ocrx_word' id='word_1_49' title='bbox 446 1267 543 1328; x_wconf 89' lang='lat' dir='ltr'><strong>usque</strong></span> <span class='ocrx_word' id='word_1_50' title='bbox 563 1246 667 1307; x_wconf 83' lang='lat' dir='ltr'><strong>aetatis</strong></span> <span class='ocrx_word' id='word_1_51' title='bbox 691 1265 811 1322; x_wconf 87' lang='lat' dir='ltr'><strong>annum,</strong></span> <span class='ocrx_word' id='word_1_52' title='bbox 840 1250 888 1311; x_wconf 76' lang='lat'><strong>19.</strong></span> <span class='ocrx_word' id='word_1_53' title='bbox 909 1248 1084 1320; x_wconf 88' lang='lat' dir='ltr'><strong>liberorum,</strong></span> <span class='ocrx_word' id='word_1_54' title='bbox 1109 1261 1242 1324; x_wconf 90' lang='lat' dir='ltr'><strong>quorum</strong></span> 
     </span>
     <span class='ocr_line' id='line_1_9' title="bbox 346 1344 1243 1426; baseline -0.008 -17"><span class='ocrx_word' id='word_1_55' title='bbox 346 1365 409 1409; x_wconf 89' lang='lat' dir='ltr'><strong>uon</strong></span> <span class='ocrx_word' id='word_1_56' title='bbox 426 1348 485 1408; x_wconf 92' lang='lat' dir='ltr'><strong>nisi</strong></span> <span class='ocrx_word' id='word_1_57' title='bbox 505 1350 534 1408; x_wconf 82' lang='lat'><strong>4.</strong></span> <span class='ocrx_word' id='word_1_58' title='bbox 556 1354 626 1426; x_wconf 90' lang='lat' dir='ltr'><strong>post</strong></span> <span class='ocrx_word' id='word_1_59' title='bbox 646 1365 680 1406; x_wconf 87' lang='lat' dir='ltr'><strong>se</strong></span> <span class='ocrx_word' id='word_1_60' title='bbox 700 1345 835 1426; x_wconf 84' lang='lat' dir='ltr'><strong>reliquit,</strong></span> <span class='ocrx_word' id='word_1_61' title='bbox 863 1354 963 1425; x_wconf 86' lang='lat' dir='ltr'><strong>pater,</strong></span> <span class='ocrx_word' id='word_1_62' title='bbox 984 1346 1097 1406; x_wconf 85' lang='lat' dir='ltr'><strong>amicus</strong></span> <span class='ocrx_word' id='word_1_63' title='bbox 1117 1344 1188 1405; x_wconf 89' lang='lat' dir='ltr'><strong>mihi</strong></span> <span class='ocrx_word' id='word_1_64' title='bbox 1210 1353 1243 1402; x_wconf 89' lang='lat' dir='ltr'><strong>et</strong></span> 
     </span>
     <span class='ocr_line' id='line_1_10' title="bbox 346 1444 1243 1528; baseline -0.007 -20"><span class='ocrx_word' id='word_1_65' title='bbox 346 1447 445 1509; x_wconf 84' lang='lat' dir='ltr'><strong>affinis</strong></span> <span class='ocrx_word' id='word_1_66' title='bbox 467 1449 530 1526; x_wconf 87' lang='lat' dir='ltr'><strong>jam</strong></span> <span class='ocrx_word' id='word_1_67' title='bbox 557 1467 575 1506; x_wconf 90' lang='lat' dir='ltr'><strong>a</strong></span> <span class='ocrx_word' id='word_1_68' title='bbox 602 1446 797 1528; x_wconf 84' lang='lat' dir='ltr'><strong>quadraginta</strong></span> <span class='ocrx_word' id='word_1_69' title='bbox 822 1448 907 1508; x_wconf 90' lang='lat' dir='ltr'><strong>annis</strong></span> <span class='ocrx_word' id='word_1_70' title='bbox 927 1447 1016 1527; x_wconf 91' lang='lat' dir='ltr'><strong>plane</strong></span> <span class='ocrx_word' id='word_1_71' title='bbox 1037 1444 1188 1506; x_wconf 78' lang='lat' dir='ltr'><strong>familiaris</strong></span> <span class='ocrx_word' id='word_1_72' title='bbox 1210 1451 1243 1503; x_wconf 90' lang='lat' dir='ltr'><strong>et</strong></span> 
     </span>
     <span class='ocr_line' id='line_1_11' title="bbox 344 1543 1242 1629; baseline -0.006 -21"><span class='ocrx_word' id='word_1_73' title='bbox 344 1548 512 1626; x_wconf 79' lang='lat' dir='ltr'><strong>jucundus3</strong></span> <span class='ocrx_word' id='word_1_74' title='bbox 553 1567 642 1629; x_wconf 94' lang='lat' dir='ltr'><strong>quem</strong></span> <span class='ocrx_word' id='word_1_75' title='bbox 679 1566 782 1608; x_wconf 86' lang='lat' dir='ltr'><strong>mense</strong></span> <span class='ocrx_word' id='word_1_76' title='bbox 819 1567 880 1608; x_wconf 94' lang='lat' dir='ltr'><strong>uno</strong></span> <span class='ocrx_word' id='word_1_77' title='bbox 921 1547 1081 1608; x_wconf 81' lang='lat' dir='ltr'><strong>antecessit</strong></span> <span class='ocrx_word' id='word_1_78' title='bbox 1112 1543 1242 1606; x_wconf 84' lang='lat' dir='ltr'><strong>Michael</strong></span> 
     </span>
     <span class='ocr_line' id='line_1_12' title="bbox 349 1645 1242 1730; baseline -0.006 -20"><span class='ocrx_word' id='word_1_79' title='bbox 349 1648 476 1710; x_wconf 86' lang='lat' dir='ltr'><strong>Laminit</strong></span> <span class='ocrx_word' id='word_1_80' title='bbox 500 1667 646 1724; x_wconf 86' lang='lat' dir='ltr'><strong>coaevus,</strong></span> <span class='ocrx_word' id='word_1_81' title='bbox 674 1648 916 1727; x_wconf 79' lang='lat' dir='ltr'><strong>Memmingensis</strong></span> <span class='ocrx_word' id='word_1_82' title='bbox 945 1649 1095 1730; x_wconf 86' lang='lat' dir='ltr'><strong>quondam</strong></span> <span class='ocrx_word' id='word_1_83' title='bbox 1117 1645 1242 1706; x_wconf 87' lang='lat' dir='ltr'><strong>antistes</strong></span> 
     </span>
     <span class='ocr_line' id='line_1_13' title="bbox 349 1746 1243 1829; baseline -0.004 -19"><span class='ocrx_word' id='word_1_84' title='bbox 349 1751 399 1810; x_wconf 89' lang='lat'><strong>11.</strong></span> <span class='ocrx_word' id='word_1_85' title='bbox 418 1749 497 1811; x_wconf 89' lang='lat' dir='ltr'><strong>Nov.</strong></span> <span class='ocrx_word' id='word_1_86' title='bbox 526 1757 556 1808; x_wconf 92' lang='lat' dir='ltr'><strong>et</strong></span> <span class='ocrx_word' id='word_1_87' title='bbox 580 1750 645 1829; x_wconf 91' lang='lat' dir='ltr'><strong>ipse</strong></span> <span class='ocrx_word' id='word_1_88' title='bbox 669 1749 904 1827; x_wconf 83' lang='lat' dir='ltr'><strong>nonagenarius,</strong></span> <span class='ocrx_word' id='word_1_89' title='bbox 938 1748 1008 1809; x_wconf 89' lang='lat' dir='ltr'><strong>mihi</strong></span> <span class='ocrx_word' id='word_1_90' title='bbox 1034 1768 1052 1808; x_wconf 85' lang='lat' dir='ltr'><strong>a</strong></span> <span class='ocrx_word' id='word_1_91' title='bbox 1082 1746 1243 1826; x_wconf 88' lang='lat' dir='ltr'><strong>septennio</strong></span> 
     </span>
     <span class='ocr_line' id='line_1_14' title="bbox 347 1848 1244 1928; baseline -0.003 -17"><span class='ocrx_word' id='word_1_92' title='bbox 347 1850 476 1926; x_wconf 86' lang='lat' dir='ltr'><strong>amiens,</strong></span> <span class='ocrx_word' id='word_1_93' title='bbox 508 1851 567 1912; x_wconf 88' lang='lat' dir='ltr'><strong>hoe</strong></span> <span class='ocrx_word' id='word_1_94' title='bbox 598 1850 718 1911; x_wconf 89' lang='lat' dir='ltr'><strong>nomine</strong></span> <span class='ocrx_word' id='word_1_95' title='bbox 748 1849 846 1911; x_wconf 88' lang='lat' dir='ltr'><strong>minus</strong></span> <span class='ocrx_word' id='word_1_96' title='bbox 873 1848 1124 1928; x_wconf 88' lang='lat' dir='ltr'><strong>praetereundus,</strong></span> <span class='ocrx_word' id='word_1_97' title='bbox 1158 1849 1244 1928; x_wconf 94' lang='lat' dir='ltr'><strong>quod</strong></span> 
     </span>
     <span class='ocr_line' id='line_1_15' title="bbox 348 1949 1246 2013; baseline -0.006 0"><span class='ocrx_word' id='word_1_98' title='bbox 348 1951 420 2013; x_wconf 88' lang='lat' dir='ltr'><strong>olim</strong></span> <span class='ocrx_word' id='word_1_99' title='bbox 441 1951 476 2012; x_wconf 92' lang='grc' dir='ltr'><strong>Α.</strong></span> <span class='ocrx_word' id='word_1_100' title='bbox 493 1953 584 2013; x_wconf 78' lang='lat'><strong>158⁶.</strong></span> <span class='ocrx_word' id='word_1_101' title='bbox 605 1952 683 2011; x_wconf 89' lang='lat' dir='ltr'><strong>huno</strong></span> <span class='ocrx_word' id='word_1_102' title='bbox 709 1958 846 2012; x_wconf 86' lang='lat' dir='ltr'><strong>nostrum</strong></span> <span class='ocrx_word' id='word_1_103' title='bbox 867 1971 934 2011; x_wconf 92' lang='lat' dir='ltr'><strong>eum</strong></span> <span class='ocrx_word' id='word_1_104' title='bbox 956 1949 1051 2010; x_wconf 87' lang='lat' dir='ltr'><strong>Maria</strong></span> <span class='ocrx_word' id='word_1_105' title='bbox 1070 1949 1246 2010; x_wconf 84' lang='lat' dir='ltr'><strong>Boseliarda</strong></span> 
     </span>
     <span class='ocr_line' id='line_1_16' title="bbox 347 2048 1266 2132; baseline -0.003 -20"><span class='ocrx_word' id='word_1_106' title='bbox 347 2053 444 2132; x_wconf 89' lang='lat' dir='ltr'><strong>prima</strong></span> <span class='ocrx_word' id='word_1_107' title='bbox 469 2053 599 2130; x_wconf 81' lang='lat' dir='ltr'><strong>conjuge</strong></span> <span class='ocrx_word' id='word_1_108' title='bbox 625 2050 746 2131; x_wconf 85' lang='lat' dir='ltr'><strong>publice</strong></span> <span class='ocrx_word' id='word_1_109' title='bbox 773 2051 935 2132; x_wconf 87' lang='lat' dir='ltr'><strong>copularit,</strong></span> <span class='ocrx_word' id='word_1_110' title='bbox 965 2069 1024 2130; x_wconf 91' lang='lat' dir='ltr'><strong>qua</strong></span> <span class='ocrx_word' id='word_1_111' title='bbox 1050 2049 1189 2109; x_wconf 79' lang='lat' dir='ltr'><strong>defuncta</strong></span> <span class='ocrx_word' id='word_1_112' title='bbox 1216 2048 1266 2110; x_wconf 87' lang='lat' dir='ltr'><strong>is·</strong></span> 
     </span>
     <span class='ocr_line' id='line_1_17' title="bbox 348 2148 1244 2230; baseline -0.007 -16"><span class='ocrx_word' id='word_1_113' title='bbox 348 2152 490 2214; x_wconf 86' lang='lat' dir='ltr'><strong>Helenam</strong></span> <span class='ocrx_word' id='word_1_114' title='bbox 503 2152 684 2214; x_wconf 89' lang='lat' dir='ltr'><strong>Kelleriuam</strong></span> <span class='ocrx_word' id='word_1_115' title='bbox 696 2151 732 2212; x_wconf 83' lang='lat' dir='ltr'><strong>A.</strong></span> <span class='ocrx_word' id='word_1_116' title='bbox 747 2154 839 2213; x_wconf 79' lang='lat'><strong>1604.</strong></span> <span class='ocrx_word' id='word_1_117' title='bbox 859 2153 908 2213; x_wconf 83' lang='lat'><strong>17.</strong></span> <span class='ocrx_word' id='word_1_118' title='bbox 924 2151 1007 2230; x_wconf 89' lang='lat' dir='ltr'><strong>Sept.</strong></span> <span class='ocrx_word' id='word_1_119' title='bbox 1028 2148 1128 2210; x_wconf 87' lang='lat' dir='ltr'><strong>itidem</strong></span> <span class='ocrx_word' id='word_1_120' title='bbox 1146 2149 1244 2209; x_wconf 87' lang='lat' dir='ltr'><strong>Mem-</strong></span> 
     </span>
     <span class='ocr_line' id='line_1_18' title="bbox 348 2250 1245 2333; baseline -0.006 -20"><span class='ocrx_word' id='word_1_121' title='bbox 348 2253 466 2333; x_wconf 85' lang='lat' dir='ltr'><strong>mingae</strong></span> <span class='ocrx_word' id='word_1_122' title='bbox 486 2253 580 2314; x_wconf 85' lang='lat' dir='ltr'><strong>duxit.</strong></span> <span class='ocrx_word' id='word_1_123' title='bbox 616 2252 673 2313; x_wconf 90' lang='lat' dir='ltr'><strong>Die</strong></span> <span class='ocrx_word' id='word_1_124' title='bbox 694 2253 827 2314; x_wconf 84' lang='lat' dir='ltr'><strong>Thomae</strong></span> <span class='ocrx_word' id='word_1_125' title='bbox 848 2253 886 2313; x_wconf 88' lang='lat' dir='ltr'><strong>ad</strong></span> <span class='ocrx_word' id='word_1_126' title='bbox 908 2253 944 2312; x_wconf 91' lang='lat' dir='ltr'><strong>D.</strong></span> <span class='ocrx_word' id='word_1_127' title='bbox 962 2250 1171 2311; x_wconf 84' lang='lat' dir='ltr'><strong>Leouhardum</strong></span> <span class='ocrx_word' id='word_1_128' title='bbox 1191 2268 1245 2309; x_wconf 91' lang='lat' dir='ltr'><strong>ae-</strong></span> 
     </span>
     <span class='ocr_line' id='line_1_19' title="bbox 350 2350 1244 2432; baseline 0 -20"><span class='ocrx_word' id='word_1_129' title='bbox 350 2352 437 2415; x_wconf 88' lang='lat' dir='ltr'><strong>dibus</strong></span> <span class='ocrx_word' id='word_1_130' title='bbox 469 2353 531 2414; x_wconf 87' lang='lat' dir='ltr'><strong>suis</strong></span> <span class='ocrx_word' id='word_1_131' title='bbox 560 2353 728 2432; x_wconf 84' lang='lat' dir='ltr'><strong>proximum</strong></span> <span class='ocrx_word' id='word_1_132' title='bbox 761 2353 894 2415; x_wconf 86' lang='lat' dir='ltr'><strong>honestis</strong></span> <span class='ocrx_word' id='word_1_133' title='bbox 929 2351 1063 2432; x_wconf 86' lang='lat' dir='ltr'><strong>exequiis</strong></span> <span class='ocrx_word' id='word_1_134' title='bbox 1096 2350 1244 2431; x_wconf 78' lang='lat' dir='ltr'><strong>sepultae,</strong></span> 
     </span>
     <span class='ocr_line' id='line_1_20' title="bbox 348 2450 1245 2533; baseline -0.004 -19"><span class='ocrx_word' id='word_1_135' title='bbox 348 2452 438 2514; x_wconf 85' lang='lat' dir='ltr'><strong>vidua</strong></span> <span class='ocrx_word' id='word_1_136' title='bbox 458 2455 513 2513; x_wconf 84' lang='lat' dir='ltr'><strong>lrao</strong></span> <span class='ocrx_word' id='word_1_137' title='bbox 533 2454 564 2512; x_wconf 91' lang='lat' dir='ltr'><strong>in</strong></span> <span class='ocrx_word' id='word_1_138' title='bbox 584 2473 618 2513; x_wconf 91' lang='lat' dir='ltr'><strong>re</strong></span> <span class='ocrx_word' id='word_1_139' title='bbox 637 2459 764 2533; x_wconf 79' lang='lat' dir='ltr'><strong>angusta</strong></span> <span class='ocrx_word' id='word_1_140' title='bbox 790 2459 820 2514; x_wconf 94' lang='lat' dir='ltr'><strong>et</strong></span> <span class='ocrx_word' id='word_1_141' title='bbox 847 2453 887 2514; x_wconf 93' lang='lat' dir='ltr'><strong>ob</strong></span> <span class='ocrx_word' id='word_1_142' title='bbox 907 2451 1084 2531; x_wconf 81' lang='lat' dir='ltr'><strong>apoplexiae</strong></span> <span class='ocrx_word' id='word_1_143' title='bbox 1105 2450 1245 2512; x_wconf 84' lang='lat' dir='ltr'><strong>morbum</strong></span> 
     </span>
     <span class='ocr_line' id='line_1_21' title="bbox 347 2552 1245 2634; baseline 0 -22"><span class='ocrx_word' id='word_1_144' title='bbox 347 2552 436 2613; x_wconf 82' lang='lat' dir='ltr'><strong>valde</strong></span> <span class='ocrx_word' id='word_1_145' title='bbox 461 2552 570 2614; x_wconf 84' lang='lat' dir='ltr'><strong>afflicta</strong></span> <span class='ocrx_word' id='word_1_146' title='bbox 594 2559 665 2633; x_wconf 93' lang='lat' dir='ltr'><strong>post</strong></span> <span class='ocrx_word' id='word_1_147' title='bbox 691 2573 725 2614; x_wconf 90' lang='lat' dir='ltr'><strong>se</strong></span> <span class='ocrx_word' id='word_1_148' title='bbox 748 2553 868 2630; x_wconf 86' lang='lat' dir='ltr'><strong>reliola,</strong></span> <span class='ocrx_word' id='word_1_149' title='bbox 901 2573 977 2634; x_wconf 89' lang='lat' dir='ltr'><strong>quae</strong></span> <span class='ocrx_word' id='word_1_150' title='bbox 999 2552 1152 2634; x_wconf 88' lang='lat' dir='ltr'><strong>sequentis</strong></span> <span class='ocrx_word' id='word_1_151' title='bbox 1173 2552 1245 2612; x_wconf 90' lang='lat' dir='ltr'><strong>anui</strong></span> 
     </span>
     <span class='ocr_line' id='line_1_22' title="bbox 349 2652 1030 2732; baseline 0.003 -20"><span class='ocrx_word' id='word_1_152' title='bbox 349 2653 400 2714; x_wconf 75' lang='lat'><strong>23.</strong></span> <span class='ocrx_word' id='word_1_153' title='bbox 415 2653 524 2716; x_wconf 86' lang='lat' dir='ltr'><strong>Octob.</strong></span> <span class='ocrx_word' id='word_1_154' title='bbox 546 2654 583 2715; x_wconf 88' lang='lat' dir='ltr'><strong>ad</strong></span> <span class='ocrx_word' id='word_1_155' title='bbox 604 2652 700 2713; x_wconf 86' lang='lat' dir='ltr'><strong>mariti</strong></span> <span class='ocrx_word' id='word_1_156' title='bbox 720 2653 798 2714; x_wconf 89' lang='lat' dir='ltr'><strong>latus</strong></span> <span class='ocrx_word' id='word_1_157' title='bbox 820 2661 865 2715; x_wconf 91' lang='lat' dir='ltr'><strong>est</strong></span> <span class='ocrx_word' id='word_1_158' title='bbox 887 2653 1030 2732; x_wconf 86' lang='lat' dir='ltr'><strong>deposita.</strong></span> 
     </span>
    </p>

    <p class='ocr_par' dir='ltr' id='par_1_3' title="bbox 347 2752 1246 3136">
     <span class='ocr_line' id='line_1_23' title="bbox 391 2752 1246 2834; baseline 0.001 -21"><span class='ocrx_word' id='word_1_159' title='bbox 391 2752 496 2815; x_wconf 82' lang='lat' dir='ltr'><strong>Annus</strong></span> <span class='ocrx_word' id='word_1_160' title='bbox 507 2753 557 2828; x_wconf 80' lang='lat'><strong>48,</strong></span> <span class='ocrx_word' id='word_1_161' title='bbox 572 2754 624 2834; x_wconf 90' lang='lat' dir='ltr'><strong>qui</strong></span> <span class='ocrx_word' id='word_1_162' title='bbox 636 2753 825 2814; x_wconf 88' lang='lat' dir='ltr'><strong>elimaoteriei</strong></span> <span class='ocrx_word' id='word_1_163' title='bbox 840 2753 898 2814; x_wconf 89' lang='lat' dir='ltr'><strong>mei</strong></span> <span class='ocrx_word' id='word_1_164' title='bbox 914 2754 1013 2833; x_wconf 86' lang='lat' dir='ltr'><strong>magni</strong></span> <span class='ocrx_word' id='word_1_165' title='bbox 1024 2752 1164 2828; x_wconf 87' lang='lat' dir='ltr'><strong>initiator,</strong></span> <span class='ocrx_word' id='word_1_166' title='bbox 1184 2773 1246 2834; x_wconf 88' lang='lat' dir='ltr'><strong>qua</strong></span> 
     </span>
     <span class='ocr_line' id='line_1_24' title="bbox 349 2851 1246 2933; baseline 0.002 -21"><span class='ocrx_word' id='word_1_167' title='bbox 349 2851 438 2912; x_wconf 89' lang='lat' dir='ltr'><strong>animi</strong></span> <span class='ocrx_word' id='word_1_168' title='bbox 449 2853 659 2933; x_wconf 80' lang='lat' dir='ltr'><strong>aegritudines,</strong></span> <span class='ocrx_word' id='word_1_169' title='bbox 675 2853 779 2932; x_wconf 89' lang='lat' dir='ltr'><strong>paneis</strong></span> <span class='ocrx_word' id='word_1_170' title='bbox 794 2854 896 2916; x_wconf 89' lang='lat' dir='ltr'><strong>atratis</strong></span> <span class='ocrx_word' id='word_1_171' title='bbox 912 2854 1035 2915; x_wconf 87' lang='lat' dir='ltr'><strong>ealeulis</strong></span> <span class='ocrx_word' id='word_1_172' title='bbox 1052 2861 1181 2929; x_wconf 88' lang='lat' dir='ltr'><strong>notatus,</strong></span> <span class='ocrx_word' id='word_1_173' title='bbox 1198 2854 1246 2914; x_wconf 92' lang='lat' dir='ltr'><strong>le-</strong></span> 
     </span>
     <span class='ocr_line' id='line_1_25' title="bbox 347 2952 1245 3036; baseline 0.003 -24"><span class='ocrx_word' id='word_1_174' title='bbox 347 2952 426 3013; x_wconf 87' lang='lat' dir='ltr'><strong>niter</strong></span> <span class='ocrx_word' id='word_1_175' title='bbox 436 2953 559 3030; x_wconf 73' lang='lat' dir='ltr'><strong>eluunt,</strong></span> <span class='ocrx_word' id='word_1_176' title='bbox 577 2955 657 3015; x_wconf 92' lang='lat' dir='ltr'><strong>uude</strong></span> <span class='ocrx_word' id='word_1_177' title='bbox 667 2954 769 3016; x_wconf 89' lang='lat' dir='ltr'><strong>mitior</strong></span> <span class='ocrx_word' id='word_1_178' title='bbox 782 2955 868 3015; x_wconf 87' lang='lat' dir='ltr'><strong>etiam</strong></span> <span class='ocrx_word' id='word_1_179' title='bbox 881 2954 1054 3016; x_wconf 86' lang='lat' dir='ltr'><strong>invaletudo</strong></span> <span class='ocrx_word' id='word_1_180' title='bbox 1069 2955 1132 3030; x_wconf 85' lang='lat' dir='ltr'><strong>fuit,</strong></span> <span class='ocrx_word' id='word_1_181' title='bbox 1151 2975 1245 3036; x_wconf 86' lang='lat' dir='ltr'><strong>quam</strong></span> 
     </span>
     <span class='ocr_line' id='line_1_26' title="bbox 349 3053 1244 3136; baseline -0.001 -21"><span class='ocrx_word' id='word_1_182' title='bbox 349 3060 483 3115; x_wconf 82' lang='lat' dir='ltr'><strong>curatum</strong></span> <span class='ocrx_word' id='word_1_183' title='bbox 495 3053 618 3116; x_wconf 83' lang='lat' dir='ltr'><strong>Calvam</strong></span> <span class='ocrx_word' id='word_1_184' title='bbox 639 3075 707 3116; x_wconf 89' lang='lat' dir='ltr'><strong>eum</strong></span> <span class='ocrx_word' id='word_1_185' title='bbox 726 3056 928 3132; x_wconf 78' lang='lat' dir='ltr'><strong>secessissem,</strong></span> <span class='ocrx_word' id='word_1_186' title='bbox 950 3056 1044 3136; x_wconf 85' lang='lat' dir='ltr'><strong>magis</strong></span> <span class='ocrx_word' id='word_1_187' title='bbox 1067 3055 1154 3116; x_wconf 85' lang='lat' dir='ltr'><strong>etiam</strong></span> <span class='ocrx_word' id='word_1_188' title='bbox 1175 3054 1244 3115; x_wconf 84' lang='lat' dir='ltr'><strong>irri-</strong></span> 
     </span>
    </p>
   </div>
   <div class='ocr_carea' id='block_1_3' title="bbox 248 3154 1246 3245">
    <p class='ocr_par' dir='ltr' id='par_1_4' title="bbox 248 3154 1246 3245">
     <span class='ocr_line' id='line_1_27' title="bbox 248 3154 1246 3245; baseline -0.001 -29"><span class='ocrx_word' id='word_1_189' title='bbox 248 3238 252 3245; x_wconf 28' lang='grc'>,</span> <span class='ocrx_word' id='word_1_190' title='bbox 348 3155 420 3232; x_wconf 87' lang='lat' dir='ltr'><strong>tavi,</strong></span> <span class='ocrx_word' id='word_1_191' title='bbox 442 3155 573 3216; x_wconf 88' lang='lat' dir='ltr'><strong>evidenti</strong></span> <span class='ocrx_word' id='word_1_192' title='bbox 592 3163 782 3236; x_wconf 82' lang='lat' dir='ltr'><strong>argumento,</strong></span> <span class='ocrx_word' id='word_1_193' title='bbox 805 3157 905 3238; x_wconf 92' lang='lat' dir='ltr'><strong>quiete</strong></span> <span class='ocrx_word' id='word_1_194' title='bbox 925 3157 995 3218; x_wconf 89' lang='lat' dir='ltr'><strong>mihi</strong></span> <span class='ocrx_word' id='word_1_195' title='bbox 1017 3164 1047 3218; x_wconf 91' lang='lat' dir='ltr'><strong>et</strong></span> <span class='ocrx_word' id='word_1_196' title='bbox 1066 3154 1246 3217; x_wconf 78' lang='lat' dir='ltr'><strong>abstinentie</strong></span> 
     </span>
    </p>
   </div>
   <div class='ocr_carea' id='block_1_4' title="bbox 347 3255 1245 3636">
    <p class='ocr_par' dir='ltr' id='par_1_5' title="bbox 347 3255 1245 3636">
     <span class='ocr_line' id='line_1_28' title="bbox 348 3255 1244 3337; baseline -0.002 -20"><span class='ocrx_word' id='word_1_197' title='bbox 348 3255 442 3336; x_wconf 81' lang='lat' dir='ltr'><strong>magis</strong></span> <span class='ocrx_word' id='word_1_198' title='bbox 469 3275 557 3336; x_wconf 85' lang='lat' dir='ltr'><strong>quam</strong></span> <span class='ocrx_word' id='word_1_199' title='bbox 583 3255 641 3316; x_wconf 88' lang='lat' dir='ltr'><strong>alia</strong></span> <span class='ocrx_word' id='word_1_200' title='bbox 667 3257 815 3318; x_wconf 86' lang='lat' dir='ltr'><strong>medicina</strong></span> <span class='ocrx_word' id='word_1_201' title='bbox 841 3277 918 3337; x_wconf 90' lang='lat' dir='ltr'><strong>opus</strong></span> <span class='ocrx_word' id='word_1_202' title='bbox 941 3277 1017 3319; x_wconf 88' lang='lat' dir='ltr'><strong>esse.</strong></span> <span class='ocrx_word' id='word_1_203' title='bbox 1059 3255 1178 3318; x_wconf 88' lang='lat' dir='ltr'><strong>Perstiti</strong></span> <span class='ocrx_word' id='word_1_204' title='bbox 1198 3261 1244 3315; x_wconf 86' lang='lat' dir='ltr'><strong>ta-</strong></span> 
     </span>
     <span class='ocr_line' id='line_1_29' title="bbox 347 3355 1245 3432; baseline -0.002 -14"><span class='ocrx_word' id='word_1_205' title='bbox 347 3377 417 3418; x_wconf 90' lang='lat' dir='ltr'><strong>men</strong></span> <span class='ocrx_word' id='word_1_206' title='bbox 448 3356 489 3416; x_wconf 93' lang='lat' dir='ltr'><strong>ibi</strong></span> <span class='ocrx_word' id='word_1_207' title='bbox 520 3355 627 3416; x_wconf 87' lang='lat' dir='ltr'><strong>civium</strong></span> <span class='ocrx_word' id='word_1_208' title='bbox 654 3357 833 3418; x_wconf 83' lang='lat' dir='ltr'><strong>humanitate</strong></span> <span class='ocrx_word' id='word_1_209' title='bbox 859 3357 1023 3419; x_wconf 86' lang='lat' dir='ltr'><strong>delectatus</strong></span> <span class='ocrx_word' id='word_1_210' title='bbox 1053 3375 1072 3417; x_wconf 86' lang='lat' dir='ltr'><strong>a</strong></span> <span class='ocrx_word' id='word_1_211' title='bbox 1098 3359 1148 3418; x_wconf 79' lang='lat'><strong>29.</strong></span> <span class='ocrx_word' id='word_1_212' title='bbox 1171 3355 1245 3432; x_wconf 77' lang='lat' dir='ltr'><strong>maji</strong></span> 
     </span>
     <span class='ocr_line' id='line_1_30' title="bbox 348 3455 1242 3538; baseline 0 -20"><span class='ocrx_word' id='word_1_213' title='bbox 348 3476 445 3538; x_wconf 90' lang='lat' dir='ltr'><strong>usque</strong></span> <span class='ocrx_word' id='word_1_214' title='bbox 465 3457 515 3518; x_wconf 78' lang='lat'><strong>28.</strong></span> <span class='ocrx_word' id='word_1_215' title='bbox 528 3455 619 3533; x_wconf 80' lang='lat' dir='ltr'><strong>lunii,</strong></span> <span class='ocrx_word' id='word_1_216' title='bbox 640 3456 711 3518; x_wconf 94' lang='lat' dir='ltr'><strong>dum</strong></span> <span class='ocrx_word' id='word_1_217' title='bbox 731 3457 849 3520; x_wconf 88' lang='lat' dir='ltr'><strong>interim</strong></span> <span class='ocrx_word' id='word_1_218' title='bbox 869 3478 962 3538; x_wconf 87' lang='lat' dir='ltr'><strong>gener</strong></span> <span class='ocrx_word' id='word_1_219' title='bbox 976 3458 1127 3520; x_wconf 84' lang='lat' dir='ltr'><strong>Walterus</strong></span> <span class='ocrx_word' id='word_1_220' title='bbox 1141 3457 1242 3530; x_wconf 79' lang='lat' dir='ltr'><strong>aedae,</strong></span> 
     </span>
     <span class='ocr_line' id='line_1_31' title="bbox 348 3555 1242 3636; baseline 0 -20"><span class='ocrx_word' id='word_1_221' title='bbox 348 3575 423 3634; x_wconf 84' lang='lat' dir='ltr'><strong>quas</strong></span> <span class='ocrx_word' id='word_1_222' title='bbox 443 3557 559 3636; x_wconf 86' lang='lat' dir='ltr'><strong>pridem</strong></span> <span class='ocrx_word' id='word_1_223' title='bbox 579 3562 815 3635; x_wconf 83' lang='lat' dir='ltr'><strong>construxeram,</strong></span> <span class='ocrx_word' id='word_1_224' title='bbox 837 3559 969 3620; x_wconf 87' lang='lat' dir='ltr'><strong>laxiores</strong></span> <span class='ocrx_word' id='word_1_225' title='bbox 987 3558 1133 3619; x_wconf 85' lang='lat' dir='ltr'><strong>redderet.</strong></span> <span class='ocrx_word' id='word_1_226' title='bbox 1168 3555 1242 3617; x_wconf 83' lang='lat' dir='ltr'><strong>Col-</strong></span> 
     </span>
    </p>
   </div>
   <div class='ocr_carea' id='block_1_5' title="bbox 0 0 1529 4409">
    <p class='ocr_par' dir='ltr' id='par_1_6' title="bbox 0 0 1529 4409">
     <span class='ocr_line' id='line_1_32' title="bbox 0 0 1529 4409; baseline 0 0"><span class='ocrx_word' id='word_1_227' title='bbox 0 0 1529 4409; x_wconf 95' lang='lat' dir='ltr'><strong> </strong></span> 
     </span>
    </p>
   </div>
  </div>
 </body>
</html>
