3025 4409
522 490 648 544 Bavariei
664 490 761 544 militis
779 488 941 543 immanitas.
1120 497 1179 557 135

285 672 350 710 cum
378 650 417 708 ad
443 655 546 726 portas
574 655 694 707 nostras
725 653 879 726 utcunque
904 646 1062 724 impeditus
1089 655 1179 724 esset,

284 753 348 812 sive
373 751 447 808 iram
476 748 620 808 simulans
645 748 710 808 sive
735 749 858 808 decreto
887 746 1058 821 effundens,
1086 749 1181 825 prima

284 850 453 928 irruptione
473 850 555 908 lerro
577 849 607 908 in
628 849 737 909 obvios
759 867 898 929 quosque
918 846 1024 908 saeviit
1035 847 1180 928 brevique

284 949 517 1028 depraedatione
548 949 632 1013 urhis
666 949 823 1024 delinitus,
859 969 937 1030 quos
968 947 1180 1028 insequebatur

284 1050 385 1112 subito
407 1050 610 1128 deprehendit.
647 1050 719 1109 lnde
739 1049 872 1110 remissis
891 1049 997 1127 copiis,
1016 1070 1093 1131 quae
1108 1048 1180 1108 nihil

284 1149 472 1210 immanitatis
493 1150 602 1229 reliqui
622 1149 736 1222 iecere,
768 1151 808 1210 ita
827 1150 962 1212 miseram
984 1158 1073 1230 atque
1094 1151 1180 1210 iuno-

286 1252 365 1311 xiam
386 1251 491 1310 urbem
512 1250 585 1310 diris
606 1250 762 1328 suppliciis
783 1251 932 1329 exposuit,
952 1258 985 1312 ut
1005 1251 1098 1312 sacris
1111 1269 1182 1329 pro·

286 1351 423 1432 lanisque
453 1350 560 1424 nullis,
591 1349 720 1428 publicis
746 1349 930 1431 privatisque
964 1351 1070 1427 nullis,
1099 1350 1183 1430 quod

282 1454 345 1528 jam
374 1452 405 1511 in
433 1451 554 1512 minimo
577 1458 655 1524 erat,
682 1450 736 1510 sed
757 1450 833 1510 nulli
855 1451 954 1528 sexui,
981 1452 1057 1512 nulli
1083 1450 1181 1525 aetati,

287 1552 363 1612 nulli
384 1552 498 1626 ordini,
520 1550 596 1612 nulli
615 1550 664 1609 vel
684 1571 703 1609 a
723 1556 830 1610 natura
852 1552 1025 1612 humaniore
1046 1551 1182 1612 immuni-

288 1652 339 1714 tati
367 1671 531 1712 concessae
556 1671 692 1729 parsum‚
725 1670 828 1710 verum
855 1660 962 1712 cuncta
990 1651 1089 1728 caedi,
1115 1650 1182 1710 lihi-

289 1753 366 1827 dini,
399 1753 521 1831 rapinae
548 1760 580 1812 et
606 1750 774 1812 crudelitati
806 1750 875 1828 plus
907 1771 995 1832 quam
1022 1750 1184 1810 Thracicae
1247 1749 1249 1754 ’

290 1854 409 1930 objecta
428 1854 547 1914 luerint
590 1850 682 1926 Quod
702 1849 891 1910 aborninere!
934 1851 1088 1929 Decrepiti
1108 1849 1183 1910 senii

290 1954 446 2032 capidares
462 1951 679 2030 octogesimum
694 1949 799 2010 aetatis
815 1949 906 2029 longe
921 1970 1135 2030 supergressus
1156 1958 1185 2010 et

291 2075 366 2115 anus
389 2054 497 2114 deliras
517 2062 579 2113 tum
600 2051 726 2112 animam
747 2059 888 2129 agentes,
908 2051 1031 2130 insuper
1052 2057 1082 2111 et
1102 2069 1184 2110 men—

293 2158 330 2216 tis
352 2157 479 2233 impotes
499 2153 713 2214 excarnificare
732 2151 887 2231 exquisitis
903 2153 1068 2227 tormentis,
1089 2152 1120 2211 in
1132 2152 1184 2211 de-

293 2257 371 2317 liciis
391 2263 470 2325 erat;
493 2255 584 2334 idque
604 2254 700 2332 prima
720 2259 823 2327 nocte,
846 2271 905 2332 qua
925 2252 991 2312 auri
1010 2253 1185 2333 argentique

295 2359 358 2420 sive
385 2355 492 2435 signati
517 2354 582 2416 sive
608 2352 778 2428 fabrefacti,
807 2352 890 2432 quod
916 2353 1004 2414 unice
1024 2359 1185 2432 captarent,

295 2460 355 2517 rim
376 2457 526 2536 ingentem
546 2455 596 2515 vel
617 2473 775 2532 reperere,
800 2453 849 2513 vel
871 2461 1042 2530 extorsere,
1070 2453 1185 2515 civibus

295 2558 455 2619 etiamnum
475 2555 583 2616 lerales
604 2554 718 2634 epulas,
740 2555 804 2615 sive
825 2556 895 2614 sua's
916 2561 1058 2637 exequias
1078 2571 1186 2632 parau-

296 2660 376 2720 tibus
398 2666 429 2718 et
444 2655 673 2736 apponentibus.
707 2653 765 2714 Ubi
781 2654 834 2714 lux
850 2653 944 2714 altera
960 2665 1049 2736 atque
1065 2655 1188 2714 funerea

296 2759 447 2840 apparuit,
469 2757 596 2835 repetita
615 2776 684 2816 cum
704 2755 795 2816 variis
817 2755 1040 2834 quaestionibus
1060 2754 1186 2830 laniena,

298 2860 370 2921 nihil
383 2857 593 2931 intermissum,
611 2855 693 2937 quod
703 2855 754 2916 vel
765 2856 901 2916 defossas
915 2875 990 2936 opes
1008 2861 1129 2916 erueret
1140 2855 1188 2916 vel

299 2959 474 3039 sanguinem
484 2956 618 3018 intimum
636 2957 845 3037 medullasque
862 2955 942 3035 ipsas
960 2957 1033 3019 imas
1056 2956 1187 3017 eliceret.

300 3061 435 3140 Captivis
454 3066 484 3120 et
503 3058 591 3120 tortis
612 3057 727 3118 nullum
741 3057 854 3136 lytrum
867 3075 959 3117 unum
975 3056 1100 3118 altemm
1117 3075 1189 3136 pro-

300 3163 372 3236 luit,
390 3161 449 3222 uisi
461 3159 589 3220 lidicrdis
608 3159 645 3219 ab
661 3158 727 3220 aliis
743 3157 869 3237 aliisque
883 3156 1017 3236 repetitis
1032 3157 1191 3219 assuefacti

302 3263 341 3323 ad
360 3269 521 3322 extremam
541 3260 713 3341 pauperiem
729 3267 782 3320 aut
799 3264 925 3320 mortem
945 3278 1041 3338 usque
1061 3259 1191 3319 obdura-

305 3371 381 3424 rent.
416 3363 524 3436 Fuere,
539 3363 592 3443 qui
611 3360 718 3422 nonies
736 3359 896 3441 deciesque
907 3359 983 3420 alios
997 3366 1128 3420 tortores
1141 3376 1191 3417 su-

306 3466 454 3536 stinuere;
475 3464 569 3539 luere,
584 3462 637 3544 qui
645 3461 738 3522 vicies
748 3459 869 3522 vincula
878 3460 1049 3522 successive
1063 3457 1192 3520 subiere.
