3025 4409
310 518 350 578 14
592 512 675 567 hiber
691 514 710 567 1.
745 511 930 569 assu-16¹4.

309 668 455 750 quaedam
475 674 636 749 tempestas
663 686 711 729 ma
731 670 952 748 propemodum
980 667 1095 730 evertit
1135 668 1212 730 Nam

310 772 359 847 (ut
380 790 418 831 ne
440 790 458 830 a
482 770 607 831 somniis
627 768 748 849 quidem
775 770 955 847 abstineam)
976 768 1097 830 memini
1116 768 1212 831 visam

310 872 380 933 mihi
403 870 561 932 dormienti
582 870 697 949 piceam
719 870 830 931 nubem
851 872 889 932 ad
909 872 1054 932 inferiora
1069 889 1138 931 sese
1159 870 1212 931 de·

309 974 481 1035 mittentem
514 977 543 1031 et
571 970 690 1032 aedium
721 972 868 1033 fenestras
894 970 1021 1032 transitu
1047 971 1212 1047 radentem,

311 1094 436 1157 quarum
463 1088 524 1131 uua
549 1078 652 1150 aperta
676 1073 806 1133 frustum
836 1071 1047 1146 abstraxerim,
1080 1071 1212 1149 gelidum

310 1174 485 1247 admodum,
513 1172 600 1249 cujus
628 1174 756 1234 horrore
784 1173 958 1253 evigilarim.
999 1169 1066 1231 Nec
1086 1171 1138 1233 diu
1159 1172 1212 1233 ab·

310 1276 366 1337 fuit
386 1281 520 1335 eventus.

350 1375 445 1436 Erant
462 1374 501 1435 N.
519 1374 654 1435 Heusser
674 1372 829 1447 Austrius,
857 1370 1067 1449 Sigismuudus
1083 1373 1161 1433 Rhat
1181 1382 1213 1433 et

309 1474 449 1537 nonnulli
470 1472 534 1548 alii,
565 1474 617 1554 qui
646 1474 677 1535 in
698 1474 835 1535 Veneres
855 1471 936 1532 illius
957 1473 1102 1552 temporis
1122 1473 1211 1533 nimis

310 1587 340 1637 et
371 1575 537 1637 insolentes
570 1582 601 1637 et
634 1576 809 1658 frequentes
846 1572 1029 1653 petulantius
1062 1574 1211 1648 luderent,
1317 1584 1320 1589 “

309 1678 388 1737 haud
421 1675 510 1736 dubia
545 1676 632 1737 etiam
664 1676 801 1737 insontes
834 1674 1029 1753 implicarent.
1079 1675 1125 1736 Ea
1155 1674 1212 1735 ub-

309 1778 460 1840 scoeuitas
474 1796 591 1838 mecum
607 1774 826 1837 communicata
845 1782 876 1837 et
891 1794 963 1836 mox
978 1775 1094 1837 detecta
1113 1776 1212 1837 fraudi

310 1887 340 1941 et
358 1878 428 1940 mihi
446 1878 502 1939 suit
518 1885 609 1959 atque
625 1896 752 1957 poenae.
784 1875 916 1956 Urgebat
935 1875 1000 1937 sive
1020 1882 1125 1938 sontes
1146 1877 1211 1938 sire

309 1981 446 2042 insontes
477 1978 619 2041 Matthaei
646 1978 778 2039 Entzlini
801 1962 881 2053 juris
911 1976 983 2039 satis
1015 1976 1122 2056 periti,
1156 1979 1211 2039 sed

310 2088 434 2142 nostrae
455 2079 569 2159 patriae
590 2087 654 2139 tum
676 2077 778 2139 Seiani
799 2080 884 2154 J'usta
912 2076 1076 2157 indignatio
1102 2089 1133 2139 et
1156 2098 1211 2140 au-

309 2180 415 2242 toritas
436 2178 592 2239 domestici
606 2177 733 2255 pudoris
752 2176 985 2255 exprobratione
1001 2177 1117 2240 irritati.
1149 2178 1211 2239 Far-

309 2280 380 2341 inde
402 2298 459 2357 ego
480 2277 572 2339 vilior
592 2277 708 2339 habitus
735 2278 807 2337 mihi
827 2278 960 2339 omnium
981 2278 1107 2340 maxime
1127 2279 1210 2341 vilui.

308 2380 376 2441 ‚lam
403 2377 573 2457 theologiae
601 2396 689 2438 sacro
720 2378 820 2439 studio
848 2399 895 2439 me
925 2378 1064 2439 dederam
1094 2380 1211 2441 condu-

312 2488 398 2542 ctore
411 2476 560 2539 Michaele
574 2478 757 2555 Schaetiero,
769 2488 891 2541 exactae
907 2480 1085 2541 eruditionis
1102 2488 1132 2541 et
1148 2480 1210 2541 siu-

310 2579 422 2661 gularis
444 2578 568 2658 plausus
595 2577 748 2657 theologo.
798 2580 865 2640 lam
892 2599 1048 2643 sermones
1069 2580 1210 2661 publicos

309 2679 469 2741 habueram
490 2678 619 2759 primum
640 2677 872 2756 Saxowilae⁴¹)
893 2680 924 2740 in
945 2680 1057 2741 sororii
1077 2680 1210 2742 Plieuiu·

310 2782 374 2862 gari
389 2780 493 2861 patria,
511 2780 580 2841 dein
595 2780 808 2861 Hermaringae
818 2779 869 2857 ⁴²)
885 2782 964 2859 apud
980 2781 1112 2843 Felicem
1127 2782 1210 2845 Ros·
1279 2798 1283 2801 ’

311 2881 437 2955 sobiam,
458 2880 605 2960 pueritiae
626 2891 854 2962 praeceptorem
875 2882 1127 2958 candidissimum,
1148 2884 1210 2944 tre·

310 2980 485 3061 quautiores
512 2989 620 3061 postea
652 2982 738 3043 etiam
771 2982 852 3042 circa
877 2981 1043 3062 Tubiugam
1072 2984 1208 3063 inprimis

309 3082 537 3161 Dereudiugae‚
570 3081 660 3162 idque
692 3082 856 3143 Facultatis
888 3083 1076 3163 theologicae
1109 3085 1208 3165 diplo-

309 3191 396 3245 mate.
439 3184 639 3263 Poteramque
658 3184 755 3246 solitis
776 3183 917 3263 gradibus
938 3185 1118 3261 ascendere,
1147 3205 1208 3245 ma-

310 3304 381 3347 num
408 3283 577 3365 quibusque
604 3284 694 3347 bonis
720 3284 958 3365 porrigentibus:
987 3286 1041 3346 sed
1069 3306 1117 3346 me
1142 3286 1207 3347 sive

310 3402 378 3446 sors
399 3402 466 3444 mea
485 3384 549 3445 sive
570 3384 615 3445 rei
635 3384 794 3465 indignitas
814 3386 938 3466 expulit.

351 3486 454 3566 ltaque
481 3484 559 3546 vitae
587 3485 816 3567 studiorumque
842 3487 983 3549 subsidiis
1014 3495 1123 3567 sponte
1153 3486 1207 3548 ab·

307 3586 424 3665 'dicatis
436 3585 550 3648 secessi
558 3584 571 3619 ⁴
579 3587 612 3663 ³)
625 3587 856 3668 Argentoratum
866 3590 976 3650 comite
987 3586 1207 3667 christophoro
