3025 4409
483 481 697 552 stuttgartianae
713 497 810 538 morae
833 481 960 538 laedium.
1110 489 1172 550 215

273 637 505 717 sesquitriennio
532 638 658 718 amplius
686 639 784 718 probe
805 639 978 702 delunotum
999 643 1030 698 et
1050 637 1170 700 meliori

272 738 411 800 fortunae
432 738 545 800 interea
572 745 746 818 apparatum
765 739 946 820 3.August.‚
978 737 1027 800 oui
1048 755 1169 798 sucees-

273 836 313 898 sit
333 837 523 900 Eberhardus
545 839 634 918 Kopp
656 839 769 902 rustico
797 839 917 919 ingenio
946 845 976 899 ot
1000 837 1083 898 duris
1104 856 1168 898 mo-

271 938 366 999 ribus.
401 940 451 999 2⁰.
466 941 539 999 Dec.
563 939 650 1000 rediit
671 939 870 1018 adparentes
891 957 988 1017 nepos
1009 957 1094 998 meus
1116 956 1168 998 oo-

271 1039 421 1118 gnominis
441 1039 587 1100 Riielinus
607 1038 726 1118 lepidus
747 1059 823 1118 puer
845 1037 931 1100 saetis
951 1035 1021 1097 mihi
1042 1056 1097 1116 per
1118 1039 1167 1098 115.

270 1160 390 1202 menses
409 1138 537 1211 delioiis;
562 1141 610 1199 21.
625 1139 704 1201 Nov.
718 1139 857 1202 discessit
874 1156 1001 1217 peregre
1019 1137 1168 1200 honestis·

270 1239 345 1301 sima
374 1246 510 1302 matrona
537 1238 648 1302 nobilis
673 1240 795 1302 Juliana
822 1239 991 1302 Elisabetha
1016 1235 1167 1298 Reiouavii

270 1341 375 1414 vidua,
404 1339 503 1400 vicina
522 1339 614 1418 longe
635 1341 845 1402 humanissima
866 1347 896 1402 et
917 1359 955 1400 eo
977 1337 1095 1417 aegrius
1122 1337 1167 1400 di-

270 1441 361 1502 missa
376 1443 425 1502 17.
437 1438 605 1518 Septembr.
637 1437 703 1500 Neo
717 1439 799 1500 alind
820 1439 893 1520 quid
914 1438 1023 1500 tabulis
1045 1439 1166 1518 dignum

269 1540 417 1616 occurrit,
444 1561 506 1621 quo
526 1559 636 1600 anunm
657 1541 737 1600 hune
759 1539 948 1618 consignem,
977 1539 1076 1602 media
1101 1539 1165 1600 iere

268 1640 318 1702 sui
343 1642 484 1720 partein
511 1640 634 1719 grabato
661 1639 847 1715 coniectum,
881 1639 940 1700 nisi
966 1639 1024 1700 hoo
1048 1639 1166 1714 addam,

268 1742 452 1802 novennium
475 1742 538 1818 jam
559 1761 618 1802 una
638 1739 708 1799 milri
730 1738 920 1818 Stutgardiae
941 1739 1091 1800 serviliter
1111 1757 1164 1800 ex-

268 1849 384 1918 actum,
411 1860 489 1922 quo,
517 1861 605 1921 quam
626 1858 758 1919 unquam
778 1838 851 1902 alias
873 1843 903 1900 in
924 1846 987 1902 tota
1007 1839 1068 1900 vita
1087 1857 1163 1916 mea,

266 1961 325 2004 neo
345 1941 461 2020 uspiam
480 1939 551 2001 alibi
572 1939 767 2002 directionem
787 1940 884 2000 minus
905 1938 1062 2016 direptam,
1089 1957 1163 2000 oon-

266 2041 366 2105 silium
386 2042 485 2103 minns
506 2041 686 2115 consultum,
708 2040 881 2102 societatem
897 2039 995 2102 minus
1009 2039 1161 2116 socialem,

266 2141 441 2222 religionem
461 2142 560 2204 miuus
581 2139 768 2220 religantem,
795 2139 929 2220 regulam
949 2139 1047 2202 minus
1073 2157 1162 2218 regu-

266 2242 375 2318 larem,
403 2241 532 2321 pretium
554 2239 652 2301 minua
673 2239 852 2319 pretiosum,
880 2239 1037 2301 amicitiam
1063 2237 1161 2300 minus

266 2341 390 2404 amicam
416 2349 446 2402 et
473 2359 596 2419 operam
622 2360 718 2400 meam
743 2340 841 2401 minus
862 2347 1036 2418 operantem
1055 2337 1161 2400 fuerim

267 2450 409 2521 expertus
430 2447 462 2502 et
481 2458 653 2519 perpessus,
676 2460 737 2521 quo
760 2441 846 2502 etiam
866 2445 932 2502 toto
951 2447 1087 2520 tempore
1103 2456 1161 2500 neo

267 2561 437 2623 quenquam
466 2540 544 2602 bene
579 2539 716 2602 meritum
747 2541 887 2620 suffragio
916 2560 984 2602 meo
1016 2537 1161 2603 eeclesiae
1211 2541 1213 2544 ’

265 2643 442 2718 admovere,
473 2659 531 2702 neo
557 2641 760 2703 facinorosum
780 2640 873 2702 ullum
895 2639 1026 2704 oriminis
1047 2640 1094 2702 sui
1114 2641 1160 2702 io-

267 2742 345 2805 dioio
371 2761 439 2804 meo
466 2761 570 2802 aroere
595 2741 666 2803 milii
692 2743 783 2805 luerit
810 2759 997 2804 conoessum.
1045 2739 1162 2802 Clausit

265 2831 376 2909 annum
405 2844 455 2904 28.
469 2842 611 2904 Decemb.
636 2843 749 2906 Paulus
775 2841 945 2904 leuisohius
970 2841 1160 2921 Antwerpiae

267 2940 392 3020 low)
414 2944 462 3004 17.
474 2943 557 3006 Junii
578 2951 674 3020 uatus,
697 2945 845 3006 variarum
866 2941 973 3004 artium
994 2948 1024 3004 ot
1043 2942 1160 3022 lingua·

265 3065 348 3121 rum,
369 3063 405 3105 oe
425 3042 560 3122 inprimis
575 3044 704 3108 musices
720 3044 827 3124 peritia
847 3042 994 3120 excultus,
1015 3043 1160 3106 Thesauri

267 3146 431 3208 animarum
451 3145 613 3209 vernacula
631 3144 733 3225 lingua
747 3145 862 3224 primns
880 3142 1067 3223 compilator,
1088 3150 1159 3222 post

267 3266 322 3327 per
348 3264 496 3308 annornm
522 3244 679 3308 intervalla
705 3252 810 3323 autor,
845 3245 932 3324 eujus
959 3244 1099 3310 invidiam
1127 3247 1158 3306 et

266 3347 381 3410 alienae
401 3345 509 3425 culpae
529 3364 670 3424 poenam,
698 3345 835 3421 exilium,
862 3351 896 3407 11
916 3344 973 3408 sibi
993 3344 1157 3418 videbatur,

264 3483 462 3498 m—

334 3560 362 3628 ⁸)
378 3557 447 3612 eoo
463 3557 494 3614 Β.
512 3563 541 3612 et
558 3575 594 3617 an
620 3556 692 3612 1558.
