3025 4409
435 530 509 585 Cura
524 529 569 586 rei
585 529 790 586 ecclesiasticae
809 530 989 587 sustinendae.
1103 539 1163 600 193

265 690 345 750 unde
367 709 403 750 ea
423 697 527 751 secuta
547 696 594 751 est
616 691 766 751 redituum
787 709 941 751 sacrorum
962 691 1106 769 augustia,
1129 697 1163 752 ut

264 811 320 871 per
345 791 519 853 universnm
539 790 796 868 Wiirtembergiae
823 811 926 872 agrurn
953 811 1015 853 non
1042 797 1162 871 praeter

264 894 552 976 sesquimenstrnum
567 893 748 974 stipendium
770 893 957 974 suppetierit,
978 893 1036 954 nisi
1052 893 1160 974 quibus

261 996 312 1058 vel
333 997 412 1076 stipe
431 997 538 1073 aliena,
560 995 608 1057 vcl
627 995 842 1075 agricolatione
864 1015 918 1059 sna
938 995 1029 1076 paulo
1050 995 1160 1056 libera-

261 1096 321 1160 lius
341 1098 443 1160 vivere
463 1097 561 1174 licuit,
588 1117 656 1158 cum
681 1097 800 1159 iuterim
822 1097 1031 1180 equisonibus,
1059 1097 1160 1160 ludio-

261 1198 366 1277 nibuS,
399 1200 577 1280 gulonibns,
612 1200 806 1261 venatoribus
833 1207 863 1260 et
893 1199 924 1260 id
956 1218 1052 1280 genus
1083 1198 1159 1274 aliis,

262 1300 343 1361 unde
362 1299 596 1379 luxuriarentur,
617 1300 737 1364 abunde
757 1306 847 1363 esset.
890 1303 958 1378 Qua
980 1301 1018 1362 de
1037 1321 1071 1363 re
1092 1301 1165 1364 cum'

262 1401 370 1465 iterum
390 1404 441 1466 26.
455 1403 527 1466 Julii
548 1403 807 1483 interpellaremus
814 1449 823 1479 ,
850 1407 879 1463 et
899 1401 1047 1466 Melchior
1066 1403 1160 1466 Nico·

261 1503 302 1564 lai
325 1503 485 1586 theologus
512 1505 550 1566 de
581 1505 690 1567 alendo
722 1503 888 1566 ministerio
921 1504 1160 1569 dissertationem

261 1604 412 1686 publicam
433 1606 625 1685 contulisset,
645 1605 738 1667 bilem
760 1605 908 1668 movimus
928 1607 1092 1689 iniquitatis
1112 1609 1159 1671 in-

262 1708 445 1786 strumentis,
466 1707 629 1770 ludibrium
654 1707 738 1780 lacti3
766 1708 822 1770 sed
842 1727 899 1769 nec
918 1709 978 1770 hoc
999 1709 1159 1788 absterriti,

261 1808 440 1890 importunis
460 1809 602 1890 precibus
628 1816 659 1872 et
677 1808 765 1871 verbi
793 1808 885 1871 divini
911 1809 999 1871 minis
1026 1809 1159 1874 obtinui·
1192 1891 1194 1898 Α

261 1929 342 1988 mus,
361 1918 397 1974 nt
416 1913 568 1974 communi
589 1910 722 1974 omnium
742 1910 843 1972 curiae
865 1911 1004 1972 ordinum
1025 1911 1159 1976 rationes

262 2011 439 2074 sublevandi
456 2012 613 2075 ministerii
634 2021 665 2075 et
683 2011 861 2074 restituendi
877 2011 1002 2077 illustris
1017 2014 1159 2095 stipendii

260 2113 423 2191 inirentur,
450 2134 527 2196 qnae
549 2114 671 2176 collatio
690 2114 729 2175 ad
749 2116 780 2176 9.
800 2119 830 2175 et
851 2115 900 2175 14.
912 2113 991 2177 Nov.
1012 2116 1157 2198 instituta,

234 2268 235 2271 ,
261 2213 312 2278 12.
327 2215 461 2278 articulis
482 2237 551 2279 cnm
570 2216 714 2296 principi,
740 2224 804 2277 tum
824 2214 1059 2303 provincialibus
1074 2219 1158 2280 ordi-

261 2317 351 2380 nibus
371 2315 493 2380 comitia
510 2317 676 2398 agentibus,
696 2317 865 2398 expeditam
883 2317 1021 2397 proiecto
1043 2325 1074 2380 et
1089 2321 1157 2382 Deo

260 2425 374 2499 gratam
394 2418 587 2482 sustinendae
608 2419 653 2482 rei
675 2419 895 2482 ecclesiasticae
915 2419 992 2480 viam
1013 2421 1158 2502 suppedi-

259 2518 348 2596 tavit,
370 2539 448 2601 quae
467 2519 499 2580 in
520 2521 652 2601 speeiem
672 2529 811 2601 accepta,
838 2519 892 2582 sed
911 2539 982 2582 mox
1002 2521 1092 2584 trium
1112 2521 1157 2584 le-

259 2619 384 2698 gionum
409 2621 552 2700 hybernis
578 2622 785 2701 ingruentibus
812 2640 932 2698 eversa,
959 2625 1038 2686 haud
1064 2624 1157 2688 dubio

260 2720 378 2784 solutae
399 2720 470 2784 fidei
489 2722 577 2786 tacita
597 2722 752 2803 voluptate
772 2723 942 2803 praedones
958 2723 1069 2788 Christi
1085 2747 1156 2806 per-

259 2821 350 2901 ludit,
380 2823 471 2885 nobis
497 2843 573 2887 vero
598 2825 658 2886 heu
683 2831 828 2905 quantum
853 2824 953 2904 nnus,
985 2825 1100 2888 laboris
1126 2836 1157 2891 et

258 2923 350 2986 taedii
374 2932 534 3006 quantam,
561 2927 616 2990 sed
637 2933 668 2988 et
691 2926 758 3006 spei
777 2945 813 2986 ae
833 2925 1082 3006 pollicitationum
1101 2947 1156 3008 pe-

257 3026 324 3104 riit,
350 3046 388 3089 ac
406 3027 543 3109 inprimis
562 3025 645 3108 pacis
665 3025 850 3090 Ratisboaaa
870 3027 1059 3092 reducendae
1079 3029 1156 3092 lama

258 3126 395 3205 evanmt,
421 3128 507 3212 qnod
525 3128 565 3192 ad
583 3127 714 3192 tubunal
735 3127 847 3192 Christi
868 3129 1035 3196 referimus.
1077 3129 1155 3194 Gae-

257 3231 324 3290 tera
342 3247 449 3309 parum
469 3230 515 3292 rei
535 3229 756 3294 ecclesiasticae
777 3237 823 3294 ast
843 3231 1026 3309 consultum,
1047 3239 1154 3296 contu-

256 3327 393 3393 macibns
412 3330 500 3394 tactis
524 3329 600 3412 ipsis
625 3331 914 3410 pseudo-ministris
942 3339 973 3396 et
996 3331 1155 3396 lascivien-

255 3429 362 3509 tibus,
381 3431 469 3514 qnasi
495 3431 598 3512 iuopia
619 3450 708 3496 omne
727 3433 893 3498 honestatis
916 3443 946 3498 et
966 3433 1069 3498 decori
1089 3433 1154 3496 vin-

257 3529 360 3592 culum
378 3531 519 3596 solveret,
558 3535 722 3614 Wagnero,
743 3541 778 3596 ut
794 3533 1043 3598 Anti-Resoldnrn
1063 3535 1154 3600 variis

256 3630 402 3694 machinis
429 3630 603 3714 impeditum
628 3633 805 3712 eniteretur,
838 3635 1050 3700 obstetricante
1078 3653 1153 3698 sum.
