3025 4409
520 462 664 518 anicitiae
682 476 744 518 cum
763 461 860 517 aulicis
877 463 968 519 initae.
1136 469 1199 530 216

296 616 403 695 Scb.*)
423 619 449 680 si
466 624 608 698 quantum
627 619 716 681 babet
730 620 804 682 boni
820 640 928 682 sensns
948 626 977 679 et
991 638 1122 680 sonorae
1141 640 1196 681 vo-

295 720 347 793 cis,
372 725 484 780 tautum
506 719 621 779 cordati
642 740 733 780 ausus
755 722 888 796 adderet,
911 727 941 780 et
960 703 1111 796 publicam
1131 739 1193 781 rem

294 819 427 896 privatae
448 819 536 880 etiam
557 819 693 898 periculo
709 821 840 898 juvaret,
863 818 1002 882 omnibus
1019 819 1084 880 aliis
1105 839 1195 898 prae·

294 919 425 980 tulerim.
468 921 605 1000 Denique
628 941 694 980 cum
716 922 832 1000 privata
854 920 1028 994 scribamus,
1051 929 1084 980 ut
1106 919 1193 980 etiam

294 1019 332 1078 de
364 1019 503 1096 corporis
537 1028 772 1098 temperamento
803 1019 915 1100 aliquid
947 1019 1068 1093 addam,
1102 1040 1191 1089 nemo

294 1117 472 1196 prohibebit.
505 1119 598 1195 Quod
619 1126 710 1180 tenue
727 1132 757 1181 et
772 1120 893 1201 frigoris
911 1119 1083 1199 impatiens;
1105 1118 1191 1181 labo-

293 1219 378 1279 ribus
399 1230 496 1279 tamen
512 1219 632 1294 sufficit,
654 1225 684 1280 et
704 1219 769 1280 siue
791 1222 906 1282 medica
928 1240 987 1300 ope
1008 1220 1039 1280 in
1061 1221 1116 1280 hos
1137 1239 1190 1280 an-

293 1339 361 1394 nos,
375 1321 586 1398 temperantiae
604 1328 634 1380 et
646 1321 869 1382 exercitationis
888 1319 1023 1382 subsidio
1036 1320 1140 1399 paucis
1154 1340 1190 1380 ac

293 1420 435 1481 brevibus
452 1422 566 1484 morbis
578 1419 817 1501 impolitum**),
836 1421 991 1482 stomacho
1008 1420 1190 1482 aromatibus

295 1520 427 1595 suffulto,
445 1523 625 1600 productum
640 1529 695 1597 est,
714 1541 782 1580 cum
795 1522 857 1598 jam
870 1541 888 1580 a
903 1520 1007 1600 viginti
1023 1519 1109 1580 annis
1122 1518 1190 1580 lixi-

294 1620 343 1680 vio
361 1628 391 1679 et
404 1619 518 1682 balneis
535 1621 755 1697 abstinuissem,
778 1641 883 1682 venam
902 1640 965 1681 non
984 1620 1041 1680 nisi
1053 1620 1146 1680 semel
1158 1620 1189 1680 in

292 1719 409 1780 ardenti
425 1719 501 1780 febri
516 1740 676 1795 secassem,
695 1720 892 1784 cucurbitulis
905 1740 1067 1800 nunquam,
1079 1741 1189 1802 purga-

293 1819 426 1880 tionibus
439 1819 490 1879 vix
502 1821 619 1882 decimo
630 1841 752 1902 quoque
763 1841 843 1882 anno
857 1839 930 1882 usus
942 1819 1081 1890 fuissem
1092 1822 1190 1881 somni

293 1940 418 2000 parcns,
446 1921 529 1981 litem
559 1921 589 1980 in
617 1922 686 2005 foro
714 1921 826 1983 nnllam
856 1919 938 1982 omni
955 1919 1017 1980 vita
1038 1926 1189 1998 expertus,

291 2021 477 2102 picturarum
507 2028 538 2081 et
568 2020 781 2100 elegantiarum
812 2031 972 2101 appetens,
1004 2021 1190 2080 fortunarum

292 2120 457 2200 negligens,
476 2120 555 2199 frugi
572 2130 602 2181 et
618 2123 757 2203 hospitali
776 2141 887 2198 mensa,
906 2121 1005 2183 animo
1023 2120 1190 2196 defoecata,

291 2221 456 2301 tranquillo
477 2232 507 2282 et
526 2222 634 2284 libero.

362 2435 390 2504 l)
409 2433 512 2487 Voces:
531 2436 603 2489 Coll.
615 2435 640 2488 J.
653 2436 678 2487 l.
697 2435 767 2500 Sub,
785 2435 873 2488 serius
892 2451 909 2488 a
927 2435 1070 2488 Valentino
1088 2440 1117 2487 et
1132 2435 1191 2503 qui-

270 2507 357 2572 ’dem
380 2519 436 2572 alio
454 2519 561 2572 calamo
584 2521 715 2583 insertas,
740 2520 828 2573 Codd.
845 2519 941 2590 plane,
966 2519 1064 2574 lacuna
1085 2517 1191 2584 relicta,

295 2604 433 2656 omittunt.
467 2604 645 2673 Conjicimus‚
663 2619 748 2656 voces
765 2603 828 2656 illas
846 2601 1037 2672 explicandas:
1056 2602 1191 2671 collegam

296 2688 449 2740 Jobannem
467 2688 640 2742 Joacbimum
659 2686 841 2740 Schiielinum.
868 2685 911 2758 [p.
929 2685 1004 2758 lta]

343 2773 389 2842 ll)
407 2771 506 2827 eota:
531 2771 692 2843 impetitum.

649 2966 843 2975 m
