3025 4409
473 469 611 528 Excussis
629 469 868 542 meatoretensis
884 471 975 528 tertia.
1113 479 1174 542 171

274 628 353 692 Cum
376 629 457 690 serio
477 628 586 691 ellectu
607 634 638 691 et
663 627 882 704 humanissimis
903 627 1004 690 verbis
1026 628 1174 706 dolorem,

274 751 365 812 quem
386 750 405 790 a
426 729 561 792 discessu
579 748 648 791 meo
664 728 870 810 praesentiret,
892 735 972 792 esset
986 735 1121 807 testatus,
1142 735 1177 792 ut

274 851 323 893 me
344 831 458 912 patriae
479 834 649 910 resurgenti
669 839 700 893 et
721 830 913 893 emendandis
928 829 1112 894 tristioribus
1133 831 1177 892 la-

275 933 315 994 tis
343 953 544 1008 reservarem,
571 933 691 994 tandem
719 934 882 1013 persuasit,
910 933 997 1010 cujus
1024 930 1121 992 aleam
1145 930 1177 992 iu

276 1053 399 1097 manum
423 1036 483 1097 Dei
495 1113 498 1116 ἦ
511 1034 699 1114 consignavi,
728 1034 879 1098 illustriss.
897 1032 1000 1096 domui
1025 1033 1177 1093 Wiirtem-

276 1135 414 1216 bergiae,
441 1143 500 1198 mm
521 1134 676 1216 praeclare
696 1134 734 1196 de
763 1137 845 1198 omni
870 1156 937 1198 mea
956 1134 1067 1196 familia
1087 1133 1178 1196 meri·

275 1242 333 1313 tae,
354 1237 468 1317 patriae
488 1245 559 1319 post
579 1236 769 1298 afflictionem
791 1238 1003 1318 respiraturus,
1030 1241 1060 1296 et
1080 1233 1178 1326 eccle-

275 1338 339 1400 siae
352 1337 495 1401 Calvensi
510 1339 567 1402 sub
582 1338 716 1400 melioris
727 1337 902 1418 disciplinae
916 1357 970 1418 spe
983 1336 1074 1398 vitam
1083 1355 1178 1417 porro

276 1446 466 1522 mortemque
492 1440 693 1521 impensums.
746 1441 827 1501 Dum
857 1438 898 1499 ibi
927 1439 1054 1515 haereo,
1075 1437 1178 1515 lillust.

278 1541 431 1622 principes
446 1541 633 1604 Fridericum
648 1541 852 1602 Marclrionem
866 1540 1044 1616 Badensem,
1061 1538 1179 1602 Annam

280 1640 471 1706 Catharinam
497 1643 556 1704 mei
580 1642 726 1723 principis
747 1643 907 1720 conjugem
934 1647 964 1704 et
984 1639 1102 1702 Annam
1123 1639 1179 1704 sa-

277 1741 378 1804 binam
391 1743 545 1808 Holsatam
565 1745 661 1826 princ.
678 1742 752 1804 Julii
773 1742 855 1804 Frid.
869 1743 968 1806 Wiirt.
982 1740 1103 1802 viduam
1122 1741 1179 1803 hu-

277 1843 341 1906 mili
367 1844 469 1908 oltioio
492 1845 590 1908 invisi.
632 1847 798 1923 Dynastam
819 1839 1061 1920 Rupis-Spoleti
1081 1839 1178 1904 Eber-

277 1945 419 2022 hardum,
445 1946 590 2026 Agathan
612 1945 801 2007 Solmensem
822 1943 887 2020 ejus
909 1943 1085 2022 conjugem,
1117 1943 1179 2004 Ge-

278 2047 397 2127 orgium
411 2046 685 2110 Fleckensteinium
706 2046 850 2107 baronem
870 2042 962 2106 solito
978 2042 1128 2124 propitios
1149 2049 1180 2106 et

276 2148 419 2212 liberales
440 2168 508 2211 sum
529 2153 680 2228 expertus.
729 2145 853 2208 Amicos
873 2153 945 2226 post
969 2150 1081 2208 unam
1102 2144 1180 2208 cala-

276 2250 410 2312 mitatem
430 2256 462 2312 ct
482 2249 577 2312 duam
594 2254 799 2330 tempestatem
818 2246 952 2310 revisere
972 2247 1102 2328 ingentis
1122 2266 1179 2310 vo-

277 2350 401 2431 luptatis
422 2350 492 2414 luit:
522 2351 690 2414 iohannem
711 2347 911 2426 Schmidium',
938 2346 1072 2429 palmare
1091 2349 1179 2414 theo·

277 2452 419 2532 logorum
439 2452 543 2530 decus,
563 2455 790 2534 Berueggerum
811 2451 897 2514 senio
920 2457 950 2513 et
969 2451 1084 2516 morbis
1104 2473 1182 2536 pros

276 2554 441 2636 pemodum
457 2555 642 2635 'contectum
663 2554 831 2618 Glonerum
852 2554 982 2617 fortunis
1003 2560 1033 2617 et
1053 2556 1179 2620 honori·

276 2657 336 2720 bus
347 2663 476 2734 auctum,
495 2657 683 2720 Moclaelium
695 2657 810 2737 magnis
825 2657 955 2737 negotiis
969 2658 1177 2738 conspicuum,

275 2759 540 2823 Bockcnlaolerum
568 2759 722 2842 antiquum
757 2757 920 2822 candorem
949 2763 1100 2822 tenentem
1136 2768 1176 2839 et,

277 2881 369 2943 quem
381 2881 534 2944 nunquam
548 2863 614 2926 sine
631 2861 742 2924 amoris
759 2866 789 2922 et
806 2859 994 2940 gratitudinis
1013 2879 1106 2926 seusu
1119 2881 1177 2926 no-

276 2962 442 3041 minavero,
460 2963 617 3045 Dilgerum
626 2983 726 3026 meum
737 2963 769 3024 in
781 2961 907 3043 patriam
922 2962 1034 3025 abitum
1047 2963 1087 3026 ad
1097 2965 1179 3028 revi-

277 3064 405 3128 sendum
425 3071 540 3144 patrem
562 3085 664 3130 senem
684 3063 843 3127 Danielem
863 3071 1026 3144 parantem.
1063 3063 1178 3132 Acces-
1265 3055 1267 3058 ⁵

277 3173 384 3230 serunt
414 3167 501 3231 amici
532 3169 606 3231 novi
631 3188 739 3250 magno
766 3185 909 3247 numero,
946 3188 963 3230 e
990 3168 1101 3251 quibus
1126 3171 1176 3236 lo.

275 3269 426 3334 ilenricus
457 3269 729 3350 Boecklems¹'⁰)
755 3274 860 3332 orator
885 3270 1112 3350 disertissimus,
1147 3278 1178 3334 et

274 3373 385 3447 dolien.
407 3371 641 3436 Freinsheimius
652 3371 723 3450 ¹⁷¹)
744 3390 838 3453 gener
857 3374 1043 3456 Berueggeri
1062 3374 1176 3438 floreu-

276 3473 411 3538 tissimus
439 3474 520 3538 serio
547 3475 655 3536 affeetu
681 3475 812 3536 eminere
839 3475 905 3538 visi.
947 3475 1176 3540 Memoraudum

277 3596 354 3640 vero
375 3577 447 3640 mihi
466 3577 670 3657 spectaculum
690 3577 755 3656 fuit,
777 3597 847 3642 cum
867 3597 885 3640 a
901 3577 1068 3642 reverendo
1082 3576 1175 3641 totius
