3025 4409
223 593 230 602 ·
343 513 405 576 132
610 505 693 561 uiua
709 505 753 558 ιν.
787 505 971 560 isso-mm

345 671 424 735 stas,
450 683 517 725 cum
539 664 602 741 jam
629 663 728 724 dedita
749 661 932 740 Stuttgardia
957 666 987 720 et
1006 659 1143 740 'lubinga
1162 660 1236 720 suis-

346 771 422 840 seut,
442 763 529 825 facile
550 763 657 824 diverti
673 782 691 822 a
709 762 798 824 nobis
816 763 865 822 vel
883 781 955 822 sane
976 761 1103 842 mitigari
1120 760 1236 840 potuis-

346 873 407 941 set,
439 866 465 927 si
491 865 563 945 quid
589 883 678 924 sanae
704 863 811 924 mentis
833 862 987 941 comptulo
1009 841 1115 923 nostro
1137 869 1166 922 ct
1187 881 1237 921 ca-

345 968 471 1046 pistrato
497 965 650 1026 adfuisset.
692 963 732 1024 At
756 964 783 1024 is
811 963 972 1043 supercilio
994 982 1050 1024 suo
1074 965 1134 1040 jam
1156 962 1236 1022 fasti-

348 1067 412 1128 dire
428 1065 570 1144 collegas,
592 1065 729 1127 seniores
745 1064 833 1143 nugis
853 1061 986 1141 implere,
1008 1063 1089 1125 cives
1104 1062 1191 1122 minis
1209 1069 1238 1121 et

346 1165 523 1228 verberibus
534 1165 687 1238 mulctare,
699 1165 838 1226 omnibus
850 1163 1056 1225 sufficientiam
1071 1181 1155 1224 suam
1172 1161 1237 1222 abs-

348 1287 406 1349 que
426 1286 526 1327 rerum
546 1283 604 1325 usu
624 1264 809 1344 impetratam
825 1266 940 1341 jactare
961 1271 1073 1339 suetus,
1094 1263 1172 1323 inter
1191 1261 1237 1323 lo-

347 1367 438 1428 trices
455 1373 486 1427 et
501 1365 640 1439 natrices,
658 1385 697 1426 ne
713 1366 786 1447 quid
802 1365 905 1426 durius
920 1364 1023 1439 dicam,
1041 1363 1239 1424 conciliabula

281 1496 284 1500 ·
347 1486 454 1547 agens,
479 1466 597 1527 hostem
617 1485 730 1546 susque
751 1465 849 1546 deque.
869 1464 970 1525 habuit
998 1485 1039 1526 sc.
1062 1465 1164 1525 eadem
1192 1464 1237 1524 iu-

348 1567 485 1640 soleutir‚
513 1584 572 1646 qua
592 1564 649 1625 Dei
675 1564 808 1626 misellos
830 1565 1000 1643 operarios,
1031 1563 1237 1643 subigendum.

348 1667 486 1747 Pergitur
512 1683 585 1744 ergo
611 1664 831 1744 symphoniacis
852 1672 882 1726 et
901 1665 1034 1741 choreis,
1065 1663 1180 1726 lusibus
1209 1671 1239 1725 et

348 1767 506 1848 pigmentis
532 1764 687 1844 corporis,
711 1766 774 1841 jam
795 1787 864 1827 cum
884 1767 1024 1845 princeps
1045 1773 1150 1826 noster
1170 1785 1237 1825 cum

350 1868 510 1949 praecipua
542 1866 611 1928 aula
640 1872 671 1927 et
702 1867 785 1928 curia
815 1887 847 1928 se
876 1885 1005 1946 propere
1036 1863 1237 1925 subduxisset.

351 1972 413 2032 lmo
433 1974 591 2048 postquam
612 1965 693 2026 fatali
712 1966 801 2027 nobis
823 1966 871 2026 die
893 1965 1083 2045 Giiltlingius,
1106 1965 1177 2026 dolo
1198 1985 1237 2024 an

349 2068 541 2133 tumultuario
563 2075 593 2127 et
619 2072 746 2127 actuoso
767 2085 824 2128 suo
845 2067 964 2146 ingenio
985 2068 1144 2142 incertum,
1172 2066 1238 2128 diu-

351 2172 409 2232 tius
435 2169 515 2248 apud
541 2187 598 2229 nos
620 2185 708 2247 quam
728 2187 784 2246 par
805 2173 868 2227 erat
893 2188 961 2228 cum
988 2167 1143 2228 tormentis
1168 2166 1238 2228 sub-

351 2271 488 2343 stitisset,
514 2267 585 2328 vino
606 2265 763 2327 malvatico
784 2267 929 2347 tantisper
949 2269 1047 2328 medio
1074 2268 1142 2328 foro
1169 2286 1238 2346 per-

350 2367 484 2449 graecari
502 2367 663 2443 visisunt,
690 2367 760 2427 dum
781 2367 874 2428 hostis
895 2368 933 2428 ad
952 2375 1055 2447 portas
1076 2369 1239 2429 adveniret.

351 2474 449 2548 Quem
468 2467 572 2528 nescio
592 2487 693 2528 aunon
712 2487 731 2528 a
750 2486 857 2528 somno
879 2467 1013 2547 sepultis,
1034 2472 1114 2527 certo
1135 2487 1153 2526 a
1173 2468 1239 2527 ioe-

351 2571 430 2632 mina
449 2567 567 2630 taudem
588 2566 693 2628 excitis
712 2567 848 2647 frigidius
869 2568 1000 2630 auditum
1015 2574 1045 2628 et
1062 2567 1172 2629 lentius
1186 2568 1239 2628 ad-

352 2671 474 2732 missum
493 2667 534 2730 ob
548 2667 579 2728 id
597 2667 858 2747 implacabiliorem
874 2668 1042 2740 habuimus3
1065 2675 1147 2730 certe
1166 2688 1239 2748 pro-

352 2770 443 2832 babili
463 2768 563 2850 aliqua
583 2768 770 2830 immanitatis
790 2775 895 2830 contra
910 2788 967 2830 nos
985 2767 1177 2830 excusatione
1193 2768 1239 2828 iu-

353 2870 523 2934 struximus.
549 2871 593 2931 lta
613 2870 665 2951 qui
684 2888 785 2931 mores
805 2869 889 2948 prius
910 2877 1032 2930 nostros
1053 2869 1189 2948 corrupit
1210 2877 1241 2930 et

353 2973 537 3053 disciplinam
556 2971 659 3047 solvit,
686 2977 793 3050 postea
814 2976 843 3030 et
862 2968 967 3031 urbem
988 2970 1081 3049 ipsam
1102 2969 1239 3048 perdidit,

353 3093 410 3137 suo
442 3073 561 3154 quidem
587 3091 693 3151 magno
719 3069 798 3130 malo
826 3076 856 3131 ct
880 3068 1110 3148 procacissimae
1135 3070 1241 3132 uxoris

353 3173 504 3236 indelebili
523 3173 685 3248 dedecore,
706 3177 812 3232 nostro
832 3175 930 3232 tamen
947 3170 1049 3231 nescio
1065 3189 1103 3231 an
1119 3189 1240 3250 repara·

352 3275 406 3337 bili
426 3275 543 3348 damno,
569 3274 677 3354 quibus
697 3272 773 3332 irato
788 3272 853 3332 Deo
870 3270 901 3330 in
925 3270 1086 3350 perniciem
1107 3279 1240 3334 nostram

354 3374 489 3439 semi-vir
507 3374 590 3435 hicce
610 3371 759 3434 immissus
781 3379 834 3432 est.

394 3476 553 3540 Caeterum
569 3472 692 3536 historia
706 3473 772 3551 ipsa
787 3471 904 3552 qualem
922 3477 992 3532 tuuc
1008 3469 1106 3531 obiter
1126 3470 1239 3532 descri-
