3025 4409
511 491 672 546 Miasionem
688 489 831 545 liberalem
848 492 985 562 impetrat.
1131 497 1192 560 235

301 647 551 726 quemadmodum
571 648 640 727 plus
660 667 726 709 mea
747 645 833 728 quies
853 649 949 726 prosit
964 667 1051 730 quam
1066 648 1192 712 aliorum

301 747 456 809 discursus
482 757 511 810 et
538 748 641 810 sudor.
683 747 742 809 Ubi
767 747 877 808 invidia
898 749 1038 829 opprimit
1057 749 1192 827 virtutes

202 917 207 926 ,
301 848 406 928 ecquis
427 856 516 928 neget
536 851 692 909 honestum
722 865 790 908 esse
815 851 985 911 secessum?
1015 850 1066 911 ubi
1087 871 1193 914 corru-

300 949 383 1027 ptior
402 969 452 1010 res
473 948 592 1028 publiea
614 956 668 1022 est,
689 967 777 1028 quarn
798 957 831 1009 ut
851 951 985 1026 adjuvari
999 952 1104 1030 possit,
1126 953 1193 1034 quis

301 1069 423 1128 operam
445 1049 559 1110 emeriti
579 1049 659 1110 senis
674 1049 825 1129 requirat?
859 1049 910 1110 ubi
924 1051 1124 1129 provehendis
1138 1053 1193 1114 bo

299 1149 362 1225 nis,
389 1149 586 1229 arcendisque
606 1148 706 1223 maiis,
728 1169 795 1209 cum
817 1149 875 1210 illis
896 1152 991 1213 virtus
1012 1152 1125 1228 fraudi,
1147 1155 1192 1215 his

300 1249 401 1311 scelus
421 1250 519 1329 pretio
540 1257 595 1325 est,
617 1249 751 1329 reliquus
773 1250 859 1312 locus
876 1251 987 1326 nulius
1009 1252 1119 1314 frustra*
1139 1254 1193 1316 niti

301 1370 404 1411 nonne
428 1350 561 1411 insaniae
587 1349 703 1430 species
731 1352 794 1411 est?
830 1351 882 1411 ubi
908 1352 995 1413 favor
1016 1353 1113 1414 omnis
1132 1353 1193 1433 pri-

301 1451 390 1510 vatim
410 1450 604 1524 absorbetur,
633 1449 742 1510 invidia
765 1449 884 1528 publiea
905 1449 933 1510 in
956 1453 1071 1514 socium
1093 1455 1191 1532 rejici-

301 1559 364 1626 tur,
390 1552 457 1633 quis
473 1553 631 1614 iorioarius
651 1570 718 1612 esse
739 1549 823 1610 solus
843 1547 940 1611 amet?
968 1552 1020 1612 ubi
1039 1556 1194 1633 proiectus

302 1654 448 1714 ecciesiae
468 1653 550 1713 nulla
572 1672 658 1726 cura,
689 1651 864 1710 damnorum
891 1669 998 1712 seusus
1025 1654 1075 1714 vix
1100 1656 1191 1732 ullus,

299 1754 427 1815 futiiium
441 1762 618 1833 perpetuum
637 1751 835 1812 colluctamen
852 1757 906 1825 est,
927 1771 965 1811 an
980 1771 1088 1813 nomen
1105 1775 1193 1818 suum

300 1854 492 1915 commodare
508 1855 607 1915 bonus
628 1852 785 1934 quisquam
806 1850 895 1912 velit?
918 1849 969 1912 ubi
987 1861 1088 1930 segete
1105 1854 1192 1917 Chri.

301 1955 340 2016 sti
365 1955 501 2034 neglecta
526 1954 631 2015 lolium
657 1953 743 2013 triste
765 1949 927 2024 excolitur,
956 1971 1044 2032 quam
1065 1973 1193 2018 messem

299 2056 380 2116 fidus
400 2055 464 2135 agri
484 2053 623 2114 dominici
643 2053 771 2115 colonus
793 2053 962 2130 exspectet?
992 2053 1050 2114 hoo
1068 2073 1141 2135 ergo
1163 2058 1194 2120 in

302 2175 356 2218 ore
378 2163 407 2217 et
427 2154 520 2216 corde
546 2153 621 2234 regii
640 2154 753 2233 psaltae
773 2152 933 2214 identidem
955 2159 1014 2214 est:
1044 2155 1194 2220 desistes

300 2263 362 2331 me,
384 2263 418 2317 ut
437 2273 570 2316 recreem
590 2273 647 2330 me,
668 2262 826 2335 antequam
847 2253 959 2328 abeam,
981 2273 1132 2336 nunquam
1152 2260 1191 2320 ad

300 2359 378 2419 hanc
401 2357 491 2416 vitam
516 2375 703 2418 reversurus.
743 2355 839 2416 Aulae
866 2362 987 2415 nostrae
1014 2356 1106 2420 iacies
1133 2359 1192 2422 hoc

300 2477 381 2519 anuo
408 2475 470 2518 non
501 2475 605 2535 pamm
631 2456 782 2516 immutata
817 2462 862 2516 est
887 2454 1055 2518 Reiohardo
1084 2459 1193 2521 stabuli

300 2561 463 2640 praefecto,
487 2557 568 2639 quod
586 2556 637 2617 diu
652 2557 779 2618 minatus
795 2564 866 2632 erat,
881 2558 908 2617 4.
920 2556 985 2618 Jan.
1004 2558 1064 2618 viia
1078 2559 1192 2623 iuncto.

302 2659 488 2722 Groneccius
515 2657 731 2732 cubicularius,
764 2677 894 2730 summo,
927 2658 1009 2737 qnod
1039 2660 1194 2741 Tubingae

302 2768 357 2834 est,
373 2760 532 2820 dicasterio
550 2758 718 2838 praefectus
734 2778 800 2818 eum
818 2755 912 2818 tribus
926 2758 1121 2836 praefecturis
1135 2781 1192 2824 sno

301 2863 410 2922 merito
431 2861 532 2936 datus,
553 2876 662 2936 magno
683 2858 730 2918 sui
751 2858 901 2920 desiderio
922 2861 991 2921 mihi
1012 2860 1131 2937 relicto,
1158 2882 1194 2923 ac

301 2961 333 3021 iu
358 2960 438 3021 illius
465 2959 583 3041 quidem
609 2958 709 3018 iocum
730 2960 957 3040 Miinohingins,
983 2962 1072 3038 hujus
1099 2963 1193 3024 Goel-

302 3061 400 3122 nizius
428 3060 582 3121 successit.
624 3058 747 3119 Produx
774 3061 1012 3140 Geizigkoiierus
1041 3063 1191 3126 invidioso

303 3179 428 3223 munere
448 3179 481 3221 se
502 3167 611 3238 sponte
630 3161 661 3220 2.
673 3160 768 3238 April.
789 3161 943 3237 abdicavit,
962 3163 1008 3222 vir
1028 3164 1125 3244 magni
1146 3164 1190 3224 in-

305 3262 383 3342 genii
411 3268 440 3321 at
466 3260 642 3333 industriae,
678 3261 731 3321 sed
758 3262 857 3324 varius
888 3283 924 3324 ac
954 3263 1081 3343 proinde
1113 3283 1193 3324 nuno

305 3382 418 3443 aequus
439 3381 519 3422 nuno
540 3361 676 3442 iniquuS,
703 3363 755 3442 qui
776 3371 872 3424 tamen
894 3383 944 3425 res
965 3364 1109 3426 ecclesiae
1130 3381 1192 3424 non

304 3483 408 3542 parum
442 3483 509 3523 oum
535 3462 631 3524 voluit
651 3463 745 3539 juvit,
778 3475 808 3524 at
838 3467 955 3527 demum
982 3463 1118 3525 acerbam
1147 3463 1194 3524 sui

306 3561 539 3625 memoriam
562 3561 743 3641 Martii¹⁵²)
766 3573 835 3644 post
856 3587 889 3628 se
910 3563 1037 3646 reliquit.
1082 3563 1194 3626 Rerum
