3025 4409
320 516 361 575 12
609 507 692 562 aruer
707 508 727 560 1.
762 506 946 562 rossana.

322 664 479 727 uacitatom
504 664 714 727 labefactarim.
759 664 838 725 Hinc
865 620 1097 742 disciplinarum
1116 661 1223 741 peritia

322 765 477 827 sodalibus
504 785 566 827 non
596 765 688 843 longe
720 764 817 843 impar
843 765 954 839 iactus,
988 782 1088 825 rerum
1117 764 1222 842 cogui-

321 866 404 927 tione
425 866 534 929 multos
555 863 716 939 anteverti,
745 882 893 945 quaeres
915 862 1081 943 promovit,
1105 871 1140 924 ut
1166 864 1220 924 im-

321 973 436 1050 matura
456 985 552 1045 prope
577 971 673 1025 aetate
689 965 859 1041 juventutis
879 964 1049 1027 informatio
1067 963 1137 1023 milri
1153 982 1221 1024 crea

322 1069 453 1129 deretur.
491 1066 609 1127 Primus
626 1065 843 1144 discipulorum
860 1066 917 1126 luit
924 1064 1032 1125 Daniel
1048 1064 1140 1138 Widt,
1158 1064 1220 1125 cla-

321 1166 430 1229 rissimi
450 1164 531 1225 illius
551 1162 623 1241 viri,
651 1167 759 1226 Franc.
775 1166 929 1245 Rudolplri
949 1164 1082 1244 ingoltii‚
1103 1164 1220 1244 Argen-

321 1267 516 1329 toratensiurn
536 1265 713 1342 Triumviri,
746 1266 852 1328 affinis.
899 1266 1001 1326 Additi
1022 1273 1093 1326 sunt
1111 1263 1219 1326 tonan.

322 1368 442 1429 Ulrious
471 1374 501 1428 et
522 1368 642 1429 Marcus
664 1367 813 1443 Neufferi‚
837 1368 946 1428 Johan.
973 1365 1097 1427 Conrad
1117 1369 1220 1428 Brott-

321 1466 398 1527 beck
433 1473 463 1527 et
488 1467 596 1529 Jolran.
619 1468 747 1528 Erhardt
769 1468 932 1544 Eoklrardt,
959 1466 990 1527 in
1012 1469 1099 1543 cnjus
1120 1475 1220 1546 pater·

320 1567 368 1628 nis
394 1568 519 1629 aedibus
544 1568 716 1649 aliquandiu
737 1569 895 1629 convictus
916 1566 986 1628 mihi
1003 1567 1073 1644 luit,
1101 1575 1132 1626 et
1150 1567 1220 1629 lon.

320 1669 516 1730 Leonhardus
545 1669 697 1731 Essiohius
730 1669 916 1730 conciliatus.
969 1667 1080 1728 Nullus
1110 1668 1219 1728 lionam

319 1769 358 1829 ad
379 1769 425 1829 rei
450 1769 599 1831 literariae
625 1778 763 1831 ornatum
792 1769 931 1844 emersit,
957 1768 1021 1828 sive
1048 1787 1127 1843 inca,
1155 1768 1220 1828 sive

320 1889 391 1945 sua,
419 1870 482 1931 sive
504 1890 627 1931 suorum
648 1870 745 1951 culpa.
777 1872 896 1933 Interea
915 1868 986 1930 mihi
1006 1879 1037 1929 et
1055 1868 1156 1930 matris
1168 1868 1219 1943 ⁴⁰)

320 1972 527 2033 oeconomiam
555 1972 714 2033 sublevare
742 1974 829 2049 (narn
856 1971 934 2033 ultra
959 1979 1103 2031 centenos
1128 1969 1219 2030 flora·

319 2092 379 2133 nos
400 2072 540 2134 salarium
561 2075 693 2135 nondum
715 2072 851 2133 vicennis
861 2071 1060 2151 accipiebam)
1079 2078 1109 2132 et
1126 2070 1220 2132 otium

320 2173 432 2252 pariter
452 2194 487 2235 ac
509 2174 678 2235 sodalitium
700 2172 810 2247 vitare,
839 2182 901 2234 tum
923 2173 1062 2233 docendo
1084 2172 1218 2253 quotidie

320 2275 452 2347 discere,
480 2294 515 2334 ao
542 2274 571 2333 in
595 2274 691 2334 oculis
713 2273 916 2350 inspectorum
937 2273 1051 2334 versari
1073 2281 1107 2333 ut
1126 2273 1218 2347 licuit,

321 2376 360 2435 its
381 2376 540 2454 plurimum
563 2372 698 2451 proiecit.
738 2372 890 2452 Quicquid
908 2373 1049 2433 succisivi
1067 2374 1132 2448 luit,
1157 2395 1218 2435 ma-

321 2475 485 2537 thematicis
514 2474 668 2553 elegantiis
697 2474 795 2533 datum
825 2478 885 2545 est,
917 2474 1095 2534 conciliante
1123 2487 1153 2535 ct
1173 2476 1218 2535 in-

321 2577 463 2637 stituente
486 2575 599 2635 Davide
622 2576 775 2654 diagono,
803 2574 1082 2635 consummatissimi
1108 2576 1220 2655 ingenii

320 2678 386 2738 viro
410 2677 497 2737 etde
518 2696 583 2737 mea
605 2676 714 2737 familia
733 2695 826 2754 supra
845 2694 951 2735 omnes
974 2676 1117 2737 mortales
1130 2697 1218 2755 prae·

320 2778 544 2851 decremento,
567 2778 604 2837 de
625 2778 712 2853 cujus
733 2776 872 2837 laudibus
893 2776 979 2851 alibi,
1007 2778 1062 2838 sed
1081 2778 1219 2857 nuspiam

320 2886 352 2939 ct
366 2898 516 2960 nunqnam
532 2878 613 2939 satis.
642 2877 850 2956 Suppeditavit
865 2876 951 2937 etiarn
968 2877 1096 2957 plurima
1107 2879 1219 2939 Maest-

321 2980 400 3041 linus
428 2990 517 3040 notae
545 2978 725 3040 celebritatis
747 2978 985 3052 mathematicos,
1015 2979 1078 3039 sive
1108 2980 1219 3040 instru-

321 3089 503 3155 mentorum,
526 3080 590 3140 sive
611 3080 772 3153 librorum,
794 3079 858 3139 sive
879 3079 1012 3157 privatae
1033 3080 1218 3141 informatio·

322 3182 383 3257 nis,
406 3181 455 3242 cui
479 3182 606 3242 accessit
627 3180 838 3259 Christoplrori
858 3180 981 3241 Besoldi
1009 3189 1039 3240 et
1059 3179 1218 3240 incredibi-

320 3282 358 3343 lis
379 3282 544 3343 humanitas
566 3289 595 3342 et
615 3281 791 3345 inexhausta
810 3281 1008 3343 beneficentia
1023 3300 1090 3341 cum
1109 3280 1218 3340 biblio-

321 3385 406 3445 theca
431 3403 522 3461 supra
550 3381 693 3461 privatam
720 3389 833 3443 sortem
859 3380 1100 3453 instructissima,
1130 3381 1218 3457 cujus

321 3486 352 3545 in
384 3506 430 3545 rne
456 3484 573 3563 singula
600 3484 705 3546 merite
726 3504 846 3545 ornnem
867 3503 961 3543 meam
984 3480 1217 3543 commendatio·

321 3608 389 3649 nem
411 3586 568 3649 excedunt.
610 3584 676 3647 Nec
696 3585 978 3666 praetermittendus
999 3590 1045 3643 est
1064 3583 1218 3644 Jolronnea
