3025 4409
344 487 444 541 Obitus
463 486 738 555 consanguineorum,
755 485 906 552 lautorum,
924 485 1083 540 amicorum.
1119 495 1179 554 159

280 650 311 704 et
330 642 585 706 obtrectatoribus
605 643 643 703 ad
664 643 771 704 mortis
792 643 949 704 horrorem
970 642 1178 706 conticescen-

280 744 372 806 tibus.
414 742 579 823 Scriptioni
598 750 670 821 post
691 742 788 803 editos
810 743 947 804 Threnos
965 741 1037 802 nihil
1057 749 1201 821 praeter.

279 846 367 906 Justa
387 844 640 923 Buwingbusiana
661 841 818 922 superfuit.
858 841 1006 904 Subsidiis
1026 848 1125 904 autem
1146 844 1177 906 iu

279 964 447 1024 pauperum
465 945 601 1006 levamen
623 950 654 1004 et
672 944 845 1006 alimentum
860 942 1001 1021 parandis
1015 943 1177 1022 plurimum

279 1065 392 1132 operae
405 1054 435 1106 et
447 1044 601 1106 molestiae
614 1045 723 1120 datum,
737 1046 824 1122 eujus
836 1043 963 1104 collecta
974 1044 1012 1104 ad
1024 1043 1106 1106 4532
1120 1045 1177 1106 tlo-

281 1165 375 1208 renos
396 1145 538 1217 excrevit,
560 1145 732 1225 neutiquam
750 1155 849 1206 mureti
866 1143 1037 1215 necessitati
1055 1152 1177 1208 nostrae

279 1266 377 1325 pares.
412 1245 494 1322 Quid
505 1245 543 1305 de
555 1245 671 1320 studiis,
691 1245 729 1306 de
740 1245 804 1324 agri
817 1245 957 1306 dominici
968 1246 1127 1324 operariis,
1139 1247 1177 1307 de

280 1347 393 1408 scholis
415 1354 445 1407 et
465 1347 607 1407 universa
624 1344 769 1407 eeclesiae
781 1344 873 1404 herba
883 1353 973 1425 atque
990 1353 1091 1425 segete
1106 1353 1178 1426 post

281 1454 392 1506 tantam
419 1446 615 1508 calamitatem
635 1447 768 1508 futurum
790 1444 842 1520 sit,
871 1447 955 1506 Deus
976 1447 1177 1526 prospexerit,

280 1546 369 1606 nobis
391 1565 463 1607 sane
484 1548 617 1610 divinare
638 1545 800 1608 nonlicet.
838 1545 995 1606 Provisum
1017 1553 1124 1621 bauran,
1146 1547 1178 1608 ni

281 1647 360 1707 idem
387 1648 559 1726 probibeat,
590 1647 628 1708 de
660 1644 785 1707 notabili
812 1643 914 1724 aliquo
942 1644 1176 1724 stipendi0'⁶⁹)

282 1746 370 1808 nobis
392 1755 451 1824 est,
478 1751 566 1826 eujus
587 1763 717 1826 operes
743 1743 875 1805 literaria
902 1751 991 1824 atque
1017 1765 1103 1808 sacra
1129 1767 1178 1808 re-

282 1847 366 1909 stitui
386 1856 541 1930 uteunque
562 1846 675 1909 nostris
696 1843 726 1904 in
748 1845 884 1923 partibus
905 1853 1004 1926 queat.

323 1947 388 2008 Sub
413 1949 483 2008 euni
508 1949 598 2010 tinem
625 1946 756 2025 collega,
783 1944 886 2006 vicarii
911 1946 1046 2020 nomine,
1073 1953 1177 2025 optato

281 2048 408 2126 ‘contigit
434 2047 671 2128 christophorus
698 2045 835 2107 Zellerus
868 2055 1028 2127 cognatus,
1060 2045 1177 2125 pridem

281 2148 494 2233 Liebeusteinii
521 2169 577 2228 per
598 2146 789 2216 sexennium,
817 2167 915 2227 nuper
941 2149 1028 2210 etiam
1051 2145 1178 2208 Scblait-

281 2251 433 2314 dorlensis
453 2263 572 2328 pastor,
595 2248 641 2309 vir
661 2247 778 2311 subacti
792 2248 904 2329 ingenii
922 2256 953 2310 et
963 2267 1082 2310 morum
1097 2269 1178 2312 arua-

280 2352 394 2413 bilitate
426 2349 565 2429 insignis,
593 2356 657 2410 tum
683 2349 715 2410 in
741 2368 805 2410 rem
835 2348 1023 2412 christianam
1051 2350 1179 2430 impensi

281 2451 388 2526 studii,
417 2451 454 2510 de
482 2451 570 2527 cuius
596 2468 656 2529 ope
675 2450 706 2510 in
729 2450 899 2512 excolendo
921 2449 1073 2512 dominico
1093 2470 1178 2530 agro,

281 2558 312 2611 et
332 2549 497 2612 evellendis
518 2549 609 2622 loliis,
636 2549 662 2611 si
683 2559 766 2613 recte
787 2571 825 2612 ex
846 2557 982 2612 ariteacta
1002 2551 1063 2612 rita
1082 2571 1178 2630 augu-

280 2671 350 2728 ror,
376 2648 573 2730 praeclare*)
594 2671 732 2732 quaeque
753 2653 824 2714 milri
844 2651 997 2730 spondeo,
1022 2671 1059 2712 ac
1080 2658 1114 2714 ut
1134 2651 1179 2714 le-

280 2751 378 2812 liciter
405 2751 553 2813 ecclesiae
579 2771 673 2830 opera
693 2760 798 2814 nostra
819 2751 985 2812 eommunis
1007 2763 1037 2814 et
1057 2759 1178 2816 mutnus

280 2871 450 2914 cousensus
469 2852 571 2927 cedat,
597 2852 696 2913 calido
717 2858 791 2912 voto
813 2870 922 2912 aunum
943 2851 1026 2916 linio.
1069 2853 1180 2916 Sedala

282 2954 527 3035 sequentianno
553 2959 708 3032 utcunque
734 2959 793 3014 tam
821 2972 910 3014 saeva
931 2953 1043 3032 patriae
1064 2960 1178 3034 tempe-

281 3062 368 3130 state,
390 3061 423 3116 ut
443 3053 572 3132 primurn
592 3052 631 3112 ad
651 3051 735 3116 littus
748 3053 889 3114 adnatare
911 3053 1012 3116 divino
1035 3053 1105 3115 mibi
1124 3055 1179 3118 be-

280 3154 390 3216 neflcio
416 3153 514 3228 licuit,
542 3152 712 3231 proximum
730 3173 750 3214 a
770 3153 872 3232 gratiis
893 3153 967 3216 actis
993 3154 1062 3231 fuit,
1090 3176 1179 3238 quarn

281 3256 340 3317 boc
359 3254 436 3316 tristi
462 3255 619 3334 naufragio
636 3259 784 3332 jacturam
810 3253 932 3316 fecerim
956 3253 1055 3316 auimo
1079 3255 1178 3318 recol-

279 3354 388 3434 ligere,
423 3373 459 3414 ac
486 3355 675 3417 fortunarum
701 3356 821 3437 quidem
848 3355 1033 3416 florenorum
1060 3356 1179 3416 circiter

346 3566 376 3636 a)
393 3565 461 3620 Cod.
479 3568 510 3622 Α.
528 3557 556 3619 et
572 3565 618 3624 Ba
638 3566 790 3637 praeclara.
