3025 4409
467 538 468 541 Ἴ
502 480 557 533 lter
574 480 753 535 Austriecum.
788 479 968 551 Streugliuus.
1138 492 1178 551 91

284 637 446 719 verbisque
462 642 491 697 et
507 637 686 699 ceremoniis
702 637 871 717 exprimere
887 657 950 701 non
969 639 1112 703 dubitent.
1144 644 1180 705 ld

285 738 404 799 consilii
424 746 454 800 et
474 738 605 800 laudavit
625 739 700 799 baro
724 739 906 801 Polheimius
927 747 957 801 et
977 740 1120 821 quicquid
1140 742 1179 803 ab

282 837 350 917 ipso
380 839 460 921 exigi
486 841 584 920 possit
616 859 673 901 suo
700 846 729 900 et
756 840 856 901 fratris
889 841 1012 901 nomine
1041 843 1179 919 promisit

282 945 479 1021 paratumque
501 960 534 1002 se
562 939 693 1003 ostendit
718 939 798 999 idem
817 938 884 1001 eliis
907 940 1085 1020 proceribus
1106 961 1178 1021 sug-

281 1059 390 1118 gerere
416 1061 451 1101 nc
473 1041 596 1103 omnino
622 1060 686 1102 rem
710 1039 900 1100 christianum
925 1047 1046 1101 strenue
1067 1061 1178 1121 procu-

281 1160 360 1202 rare.
394 1142 530 1219 Subjecit
543 1150 650 1223 postea
670 1160 759 1221 quam
779 1140 895 1201 duriter
914 1142 972 1203 huc
992 1162 1089 1224 usque
1110 1163 1178 1204 cum

281 1241 319 1303 iis
340 1250 456 1319 actum,
481 1262 570 1323 quum
590 1248 677 1320 pecte
702 1240 803 1301 omnin
823 1242 969 1303 dissolute
989 1243 1062 1319 sint,
1090 1264 1179 1326 quum

278 1342 342 1418 jem
363 1344 451 1405 etiem
471 1342 609 1422 ambigue
622 1340 720 1402 'verba
742 1360 780 1401 ex
800 1342 907 1423 Belgio
929 1343 1074 1420 retulerit.
1117 1346 1179 1407 Sed

283 1443 351 1503 Deo
377 1444 520 1505 hactenus
549 1444 643 1503 fretos
675 1442 855 1523 adjutusque
889 1444 989 1504 omnia
1016 1446 1178 1524 pertulisse

286 1548 375 1623 etque
400 1545 477 1605 hanc
503 1544 648 1605 ecclesiae
675 1544 780 1605 leciem
806 1544 901 1605 multo
928 1544 1041 1605 sudore
1068 1556 1099 1607 et
1123 1547 1179 1607 im-

284 1644 385 1721 pensis
412 1644 608 1720 sustinuisse,
637 1663 713 1725 quae
734 1643 806 1704 olibi
827 1644 915 1705 etiem
936 1644 1014 1707 iuter
1034 1646 1126 1709 flores
1148 1656 1179 1711 et

283 1762 386 1821 paoem
412 1744 536 1825 probari
562 1745 667 1825 possit.
710 1745 849 1825 Denique
869 1745 1011 1823 precibus
1032 1748 1179 1812 ecclesiae

282 1863 318 1904 ac
338 1845 521 1924 protectioni
541 1846 599 1907 Dei
626 1866 659 1907 se
686 1852 815 1927 uterque
840 1846 964 1907 fratrum
991 1849 1179 1913 concreduut

282 1964 318 2005 ec
338 1965 396 2007 nos
423 1966 538 2009 summe
557 1945 768 2007 benevolentia
788 1944 946 2007 dimittunt
989 1948 1105 2009 Exinde
1126 1951 1177 2013 dn.

281 2045 495 2108 Hoheulelderi
521 2047 649 2109 consilio
678 2047 761 2108 adire
788 2047 886 2109 visum
914 2048 1051 2110 nobiliss.
1077 2049 1177 2112 virum

282 2145 332 2206 dn.
353 2147 502 2209 ,Iacobum
523 2146 692 2226 Stoeuglin,
720 2149 807 2225 cujus
834 2150 984 2229 quondam
1011 2149 1104 2211 tilium
1126 2152 1177 2213 dn·

281 2246 351 2308 Joh.
366 2248 532 2309 Erherdum
554 2250 585 2309 iu
604 2248 717 2310 ltaliam
738 2250 951 2323 conduxeram,
974 2250 1057 2331 quod
1078 2259 1108 2312 et
1128 2271 1177 2313 re-

281 2346 402 2427 ligionis
430 2349 568 2411 certioris
595 2350 716 2411 nomine
743 2351 855 2429 optime
880 2350 999 2412 audiret
1025 2358 1055 2413 et
1080 2359 1177 2416 terras

280 2468 350 2511 suas
378 2450 520 2512 Bohemis
544 2451 658 2512 vicinas
686 2450 817 2513 haberet
866 2452 963 2527 Quem
990 2458 1024 2513 ut
1049 2453 1177 2516 salutavi

281 2550 402 2628 gavisus
430 2560 476 2613 est
502 2571 536 2613 se
563 2552 601 2613 ab
624 2552 752 2615 ecclesia
772 2551 1030 2631 Wiirtembergica
1050 2555 1177 2636 ejusque

280 2650 418 2731 principe
446 2671 484 2713 eo
512 2652 584 2714 loco
604 2652 722 2729 haberi,
751 2660 785 2714 ut
811 2652 966 2733 religionis
988 2673 1076 2734 quam
1097 2655 1181 2718 colet

280 2762 419 2833 ametque
445 2757 693 2833 propagationem
720 2754 849 2831 adjuvet.
902 2754 937 2815 ld
963 2775 998 2816 se
1020 2755 1083 2832 jam
1109 2765 1179 2819 ente

282 2852 393 2914 debere
415 2859 445 2914 et
464 2855 532 2914 Deo
555 2860 584 2914 et
604 2852 704 2915 coetui
725 2853 902 2931 christiano,
923 2864 955 2917 et
974 2876 1055 2918 nuuc
1076 2858 1177 2921 denuo

280 2953 394 3031 petenti
406 2952 544 3033 principi,
566 2956 653 3033 cujus
665 2953 876 3031 inusitatam*)
894 2956 924 3017 in
937 2957 1177 3037 amplificandum

286 3051 399 3115 Christi
419 3074 546 3135 regnum
559 3074 616 3135 pro
635 3074 749 3117 summe
769 3055 837 3135 lege
857 3057 991 3137 accipiet.
1025 3059 1178 3123 Bohemo-

282 3172 347 3215 rum
374 3155 543 3237 periculum
569 3176 656 3217 suum
690 3157 778 3218 etiem
803 3157 897 3218 fuisse
924 3157 1113 3241 cessisseque
1138 3163 1177 3223 ed

281 3261 398 3335 tempus
425 3256 563 3336 inipetui3
592 3278 673 3319 nunc
700 3258 792 3320 rebus
816 3258 957 3337 mitigetis
983 3259 1057 3320 nihil
1083 3264 1176 3341 magis

282 3364 402 3434 optare,
424 3376 513 3437 quum
533 3366 567 3419 ut
589 3378 666 3439 quos
687 3359 837 3422 veriorem
856 3358 1023 3422 libertatem
1044 3361 1176 3443 aspirare

350 3566 376 3634 ⁴)
395 3583 447 3621 sc:
465 3569 678 3639 proclivitatem.
