3025 4409
328 487 390 551 276
586 477 668 531 Liber
685 476 752 530 Vlll.
787 475 971 531 isat-1653.

328 635 494 718 principem
526 634 693 696 Susannam
723 632 887 694 Palatinam
918 633 949 692 in
984 650 1030 692 me
1061 629 1229 690 beneficam

330 740 380 800 11.
402 735 483 814 Maji.
535 735 641 797 Dimisi
674 755 691 795 e
722 734 864 795 convictu
897 733 1046 794 loannem
1078 729 1228 791 Jacobum

330 838 501 900 Reiselrium
518 836 612 898 nobil.
637 839 665 897 1.
678 834 779 896 Martii
799 834 979 915 suscepique
1000 833 1031 894 in
1052 832 1153 892 locum
1166 833 1229 891 Da-

329 939 427 1000 videm
450 935 634 1016 Speidelium
657 936 707 999 12.
727 923 801 1014 Maji
827 947 856 997 et
880 937 1029 996 loannem
1050 933 1228 1012 Pflegerum‚

331 1059 421 1120 quem
448 1044 590 1116 parentes
610 1035 778 1114 Augustani
807 1036 865 1116 ipsi
892 1036 1082 1096 adduxerunt
1104 1039 1128 1093 1.
1146 1032 1229 1106 Julii,

331 1159 420 1220 quem
449 1144 549 1198 tamen
581 1139 630 1198 15.
651 1135 730 1197 Nov.
759 1137 789 1196 in
817 1135 904 1197 aliam
931 1136 1052 1196 domum
1081 1131 1228 1194 transtuli.

331 1237 496 1300 Antonium
518 1237 604 1297 etiam
618 1235 802 1296 Jenisclrium
824 1238 968 1296 hactenus
990 1235 1130 1296 famulum
1152 1231 1230 1312 patri

332 1359 390 1401 suo
411 1336 528 1398 reddidi
549 1337 598 1395 12.
617 1336 716 1411 Mart,
742 1335 858 1396 Annam
887 1336 1010 1396 Mariam
1037 1334 1229 1396 Erbseriuam

331 1438 469 1500 ancillam
490 1437 581 1496 domo
603 1435 741 1497 emissam
763 1437 792 1496 6.
807 1435 951 1498 Februar.
974 1457 1042 1498 cum
1060 1435 1229 1498 Elisabetlaa

332 1537 549 1602 Scbuauierina
576 1539 606 1597 2.
625 1537 708 1599 lunii
733 1537 908 1617 permutavi.
961 1537 1112 1618 Nepotem
1136 1521 1229 1597 -Joau'-

331 1661 401 1702 nem
422 1639 488 1700 Val.
506 1638 667 1701 Riielinum
685 1639 795 1700 triviali
815 1637 937 1700 scholae
957 1637 1143 1718 Tubingensi
1164 1654 1230 1697 cre-

334 1740 406 1816 didi,
425 1740 616 1820 praeceptori
637 1740 831 1802 Schabhardo
853 1737 981 1818 primum
1002 1741 1030 1800 4.
1048 1738 1153 1818 April,
1176 1738 1231 1798 de.

231 1834 232 1841 ἵ
331 1843 402 1904 binc
428 1843 465 1902 D.
486 1842 665 1902 Wormsero
687 1843 736 1902 30.
757 1839 849 1915 lunii,
876 1837 1038 1918 hospitium
1059 1841 1230 1921 victumque

332 1940 554 2023 praebentibus.
608 1940 739 2002 Delicias
772 1939 841 2000 milri
876 1935 975 1999 secere
1013 1940 1090 2001 duae
1123 1947 1229 2021 neptes

332 2040 524 2115 Walterinae,
546 2043 642 2117 major
662 2041 796 2102 Barbara
817 2039 911 2100 Maria
934 2041 984 2100 23.
999 2040 1072 2100 Julii
1092 2062 1148 2122 per
1168 2041 1229 2116 12„

334 2144 433 2204 auinor
450 2141 544 2201 Maria
558 2143 745 2220 Margaretlaa
760 2139 941 2218 lepidissima
959 2141 1060 2219 puella
1081 2162 1099 2203 a
1123 2145 1152 2204 7.
1167 2140 1229 2202 Au-

333 2254 409 2325 gust.
439 2265 493 2323 per
520 2246 548 2304 8.
567 2242 755 2321 septimanas.
810 2238 922 2300 Cistam
951 2242 1147 2320 scriptoriam
1172 2243 1230 2304 emi

334 2346 504 2406 rarissimae
532 2344 605 2404 artis
627 2339 785 2420 magnique
806 2340 908 2419 pretii,
936 2341 1083 2422 aliamque
1110 2363 1228 2424 capsam

334 2445 458 2505 minoris
471 2444 584 2504 formae
603 2461 621 2501 a
637 2442 753 2520 virgine
767 2441 996 2521 Buwiugbausia
1016 2443 1098 2506 dono
1116 2445 1228 2524 accepi,

334 2544 417 2626 quod
447 2541 576 2622 eleganti
602 2541 789 2602 translationi
821 2540 915 2603 libelli
945 2543 983 2603 de
1017 2546 1229 2626 tranquillitate

333 2641 506 2717 animi²⁰³)
527 2642 737 2704 obstetricatus
764 2640 879 2703 luerim.
928 2643 1025 2703 biberi
1051 2646 1122 2720 mei,
1152 2651 1229 2727 quo-

333 2763 400 2805 rum
421 2744 527 2804 crebra
548 2743 603 2804 tuit
618 2762 674 2822 per
687 2743 768 2802 bunc
781 2761 891 2803 anunm
907 2743 1076 2806 morbidum
1094 2745 1231 2810 officiosa

333 2843 456 2918 invisio,
484 2843 649 2923 scipionem
675 2848 850 2922 argenteum
871 2843 952 2906 douo
966 2845 1122 2908 ‘dederunt
1141 2865 1229 2910 sene-

334 2944 423 3005 ‘ctntis
448 2943 668 3019 fulcimentum,
696 2963 754 3007 nec
780 2945 938 3007 tacendum
964 2955 1009 3009 est
1034 2967 1142 3009 munus
1168 2949 1229 3010 Po-

334 3048 432 3110 stillae
457 3043 679 3107 emblematicae
703 3043 899 3106 Saubertinae
927 3067 945 3106 a
976 3048 1085 3109 familia
1112 3049 1150 3109 ad
1179 3068 1229 3110 me

333 3150 457 3211 missum
478 3154 508 3209 et
525 3147 608 3226 larga
629 3144 687 3206 Dei
706 3145 892 3222 benedictio,
925 3167 983 3228 qua
1004 3167 1053 3210 res
1075 3148 1227 3212 familiaris

333 3269 397 3310 raon
417 3245 609 3310 mediocriter
629 3246 737 3321 crevit,
767 3267 844 3328 quae
870 3247 968 3309 obiter
988 3247 1137 3310 iudicasse
1157 3248 1227 3310 mihi

332 3351 467 3431 meisque
476 3346 698 3429 ephemeridnm
711 3347 782 3408 loco
795 3347 931 3424 sufficiat,
945 3347 1102 3409 fastidioso
1118 3343 1227 3410 lectori

331 3448 418 3511 facile
442 3447 670 3530 praetereunda.
716 3446 828 3530 Ecquis
855 3466 928 3510 vero
955 3446 1051 3509 imber
1076 3447 1225 3529 lacryma-

331 3567 397 3610 rum
418 3553 490 3614 satis
512 3550 592 3613 eluat
611 3547 757 3626 dolorem,
780 3570 868 3630 quem
891 3569 928 3610 ex
949 3556 1029 3612 metu
1052 3545 1227 3612 calamitatis
