3025 4409
332 491 372 552 56
602 485 685 540 Liber
701 485 733 538 ll.
769 483 952 540 tert-1620.

332 643 409 704 Nam
434 647 465 703 et
491 640 619 702 medinm
646 641 744 702 noctis
774 643 836 718 jam
868 639 1061 719 praeterierat
1092 648 1121 702 et
1156 641 1220 702 dies

333 742 512 819 albescebat,
533 763 602 803 cum
622 742 754 803 nondum
776 759 845 819 spes
866 740 1042 801 nllasalutis
1054 753 1219 819 appareret.

334 845 499 906 Aocnrsnm
526 850 572 904 est
599 842 749 923 campanis
775 841 913 902 flebiliter
939 841 1148 902 resonantibus
1176 842 1221 902 in-

335 955 459 1005 numero
486 962 583 1023 prope
602 961 742 1017 numero,
775 949 805 1002 et
825 943 940 1002 flamma
960 942 1074 1023 aliquot
1093 944 1221 1021 perticas

335 1042 412 1118 alta,
439 1063 498 1124 qna
523 1042 640 1104 coelum
662 1041 774 1122 ingenti
800 1041 831 1102 in
852 1041 955 1103 orbem
980 1043 1075 1123 spatio
1097 1043 1221 1104 rubebat

334 1144 529 1225 ardebatqne,
555 1143 604 1204 vel
630 1142 844 1204 remotissimos
865 1143 1020 1206 acciverat.
1063 1144 1222 1206 Observati

334 1253 405 1305 sunt
434 1245 676 1323 lisselingenses,
713 1243 994 1320 Frendenstadiani,
1031 1244 1155 1305 Palatini
1186 1265 1222 1305 ac

335 1346 473 1407 nonnulli
492 1346 542 1406 alii
562 1345 639 1406 nltra
660 1363 714 1406 sex
734 1343 870 1404 milliaria
890 1344 958 1405 hinc
979 1344 1078 1424 positi.
1116 1344 1221 1424 Aquae

336 1453 448 1507 tantum
477 1445 616 1520 effusum,
645 1451 788 1526 quantum
815 1444 881 1505 rivo
912 1444 1220 1528 fortassesulficeret,

337 1567 404 1607 cnm
436 1567 499 1607 eam
528 1546 565 1605 ab
596 1547 685 1607 Entio
714 1561 800 1605 amne
830 1563 901 1624 prae
932 1545 1057 1606 caeteris
1084 1546 1221 1607 Jodocns

336 1646 544 1726 Maebtolpbns
576 1653 606 1708 et
641 1648 793 1708 lebannes
826 1644 948 1706 Vlricns
978 1645 1138 1724 Bengelius
1166 1668 1222 1727 per

337 1747 468 1828 quinque
495 1753 546 1808 ant
577 1766 630 1808 sex
659 1745 895 1826 depromentium
921 1747 1014 1807 series
1044 1747 1220 1811 derivarent.

336 1847 403 1908 Nec
423 1854 520 1908 tamen
547 1867 582 1908 ea
603 1855 708 1910 cuncta
735 1846 773 1906 ad
794 1845 988 1908 cohibendam
1008 1847 1083 1928 ignis
1105 1848 1221 1910 violen-

336 1948 405 2008 tiam
427 1948 566 2009 sufficere
586 1949 771 2012 videbantur.
821 1951 922 2030 ltaque
941 1948 1083 2030 quidquid
1104 1949 1220 2011 aedium

337 2049 484 2128 superfuit
503 2050 640 2111 evacuari
665 2057 804 2129 coeptae;
826 2049 943 2129 impleri
964 2048 1090 2110 ecclesia
1110 2049 1220 2128 Deipa-

337 2169 387 2210 rae
408 2150 523 2229 Virgini
543 2169 642 2224 sacra,
671 2158 785 2210 vastum
805 2169 861 2210 nec
882 2151 1056 2211 indecorum
1077 2169 1167 2228 opus,
1191 2158 1221 2212 et

339 2269 452 2328 nupera
473 2250 581 2311 civium
600 2248 775 2310 liberalitate
798 2268 911 2328 organo
933 2256 962 2309 et
983 2250 1075 2311 sacris
1095 2252 1221 2332 picturis

338 2348 508 2428 spectabile.
550 2348 596 2410 Ac
616 2356 696 2409 taam
716 2349 772 2409 fuit
792 2349 970 2412 infinitarum
990 2350 1218 2430 supellectilium

338 2449 549 2528 comportatio,
583 2457 617 2510 ut
646 2449 698 2530 qni
728 2449 845 2529 priores
876 2450 1049 2511 advenerint
1081 2459 1132 2514 aut
1157 2473 1219 2515 ure-

337 2550 417 2612 dinm
442 2549 631 2631 occuparint,
665 2549 747 2610 exitu
772 2550 860 2630 plane
886 2551 945 2613 sint
970 2552 1130 2614 interclusi.
1179 2555 1219 2616 At

337 2671 408 2713 mox
434 2657 533 2713 terror
558 2652 626 2712 huic
650 2650 742 2712 veluti
771 2671 872 2713 sacrae
900 2633 1046 2713 anchorae
1072 2652 1219 2730 admotus,

337 2772 413 2834 quae
439 2751 572 2833 quamvis
598 2770 634 2812 ex
660 2749 759 2812 solido
784 2752 881 2831 lepide
901 2771 996 2832 usque
1016 2752 1053 2812 ad
1074 2759 1151 2814 tecta
1171 2775 1221 2817 as-

337 2859 485 2933 surgeret,
513 2861 609 2915 tamen
635 2871 672 2914 ex
699 2853 875 2916 horreorum
896 2851 1044 2922 vicinitate
1065 2853 1140 2934 (quo
1157 2856 1219 2932 jam

336 2953 412 3033 ignis
440 2953 741 3034 appropinquaverat)
768 2953 863 3016 omnis
894 2952 1001 3013 fidncia
1026 2952 1219 3017 abscindeba-

337 3061 393 3115 tur.
436 3055 521 3115 Unde
547 3054 743 3134 plurimorum
765 3062 827 3117 tum
848 3053 1055 3116 tumultuariae
1077 3065 1218 3136 exporta-

336 3154 434 3216 tiones
459 3163 579 3217 secutae
605 3163 634 3218 et
659 3158 728 3236 luga
753 3157 785 3217 iu
806 3155 929 3229 collem,
958 3155 1006 3216 cui
1027 3175 1080 3215 arx
1100 3156 1218 3232 insidet,

338 3255 484 3337 quaesita,
511 3257 662 3334 majorene
683 3257 860 3318 confusione
883 3276 920 3316 an
941 3256 1150 3335 trepidatione,
1173 3258 1218 3318 in-

335 3363 457 3418 certum.
502 3355 548 3417 Ac
575 3377 646 3418 sane
673 3360 734 3434 jam
761 3377 832 3435 prae
860 3356 955 3418 oculis
987 3357 1219 3437 prudentissimo

335 3456 442 3538 cuique
466 3456 597 3518 universi
623 3458 726 3538 oppidi
752 3457 871 3520 bustum
892 3467 969 3533 erat,
1001 3477 1086 3538 quem
1110 3465 1218 3520 metum

337 3576 397 3617 non
418 3565 475 3618 tam
496 3558 622 3620 turbinis
643 3560 787 3639 impulsus
809 3567 838 3621 et
859 3560 989 3620 flanrmae
1007 3559 1125 3622 vastitas
1138 3560 1218 3636 ejus-
