3025 4409
229 535 231 538 ⁴
315 461 375 520 tor
582 453 666 507 eruor
681 453 725 508 rv.
761 451 944 507 roso-roua.

316 611 364 672 nis
384 608 455 688 plus
475 628 565 689 quam
585 607 915 684 centenis‚,vcstieudis
937 605 1026 685 plane
1049 607 1147 674 nudis,
1171 614 1218 668 te-

316 711 422 792 gendis
443 710 481 772 ab
503 709 585 772 omui
605 710 736 789 bospitio
759 707 873 777 exutis
903 707 933 768 id
960 727 1039 786 opus
1070 707 1218 789 laborque
1265 691 1269 698 ³

318 811 387 887 fuit,
413 811 468 872 sed
496 818 527 871 et
546 829 636 891 quem
657 811 756 872 animo
778 809 890 880 invicto
913 807 1053 887 superavi
1074 817 1164 888 atque
1185 809 1218 870 in

318 914 398 974 hunc
417 930 516 992 usque
536 911 614 972 diem
636 912 738 972 divino
754 929 879 972 munere
896 907 1035 988 produxi.
1067 909 1129 970 Res
1144 910 1218 970 baec

320 1013 402 1075 stetit
421 1011 550 1074 millenis
571 1013 687 1093 aliquot
707 1011 818 1072 nostris
833 1009 966 1086 florenis,
989 1009 1098 1090 quibus
1115 1029 1218 1072 acces-

320 1113 359 1175 sit
379 1122 552 1174 exterorum
574 1112 787 1173 commiserans
810 1119 840 1172 et
855 1111 991 1172 benefica
1006 1129 1121 1185 manus,
1143 1111 1218 1171 libe-

318 1212 412 1274 ralior
437 1214 551 1289 sutura,
579 1212 636 1273 nisi
657 1211 825 1287 metuisset,
854 1210 951 1272 fraudi
977 1210 1008 1270 id
1029 1211 1117 1272 nobis
1138 1212 1219 1292 apud

319 1312 459 1392 publicos
485 1312 655 1392 praedones
682 1329 749 1372 esse
770 1330 871 1389 posse.
913 1313 1031 1372 Interea
1052 1311 1143 1374 nihilo
1164 1312 1219 1372 mi-

320 1408 425 1489 tius*)
444 1432 502 1473 nos
524 1412 690 1474 exactionis
710 1410 816 1488 belua,
838 1413 980 1490 praesidii
1000 1421 1168 1478 monstrum
1190 1419 1219 1474 et

322 1520 540 1576 commeatuum
561 1533 676 1594 vorago
698 1512 842 1588 exercuit,
864 1534 941 1594 quae
963 1514 1082 1592 saepius
1098 1512 1219 1592 lugubri

322 1634 400 1676 voce
427 1615 593 1694 deprecati,
623 1616 734 1676 frustra
761 1620 791 1674 et
811 1614 885 1675 risui
906 1615 1031 1684 luimus,
1061 1614 1146 1694 quasi
1168 1613 1219 1694 qni

322 1716 447 1778 fundum
473 1724 609 1778 nostrum
636 1722 682 1778 tot
707 1715 823 1776 alendis
849 1735 952 1794 parem
972 1717 1107 1795 improbe
1128 1708 1219 1794 nega-

322 1836 440 1893 remus,
467 1825 502 1880 ut
526 1837 606 1880 nova
631 1816 701 1877 mihi
726 1817 812 1898 quasi
840 1815 992 1876 contentio
1020 1837 1087 1878 cum
1109 1815 1220 1895 pietate

322 1937 459 1980 meorum
480 1924 585 1980 exorta
605 1917 658 1991 sit,
685 1918 735 1978 cui
756 1915 883 1978 subinde
905 1917 988 1976 Deus
1010 1935 1049 1976 ex
1069 1916 1127 1977 alia
1147 1916 1219 1976 alia-

322 2037 383 2099 que
409 2019 544 2080 machiua
570 2017 717 2090 occurrit,
749 2023 784 2077 ut
811 2017 849 2076 ad
876 2016 982 2078 laetam
1009 2035 1136 2078 messem
1168 2017 1220 2078 diu

322 2118 404 2179 illam
430 2125 561 2198 optatam
586 2117 701 2178 viribus
728 2126 759 2176 et
785 2117 858 2178 viris
885 2117 979 2196 magis
1000 2137 1087 2198 quam
1110 2117 1220 2196 passim

323 2219 448 2298 integris
468 2217 595 2280 accincti
614 2225 737 2292 stemus,
760 2217 809 2278 cui
830 2219 913 2278 Deus
934 2213 1106 2280 benedicat!
1138 2221 1219 2280 Haec

324 2340 433 2400 nempe
459 2318 584 2380 curandi
605 2326 711 2379 coetus
737 2318 796 2378 mei
817 2318 916 2378 officia
937 2319 1041 2380 durius
1062 2339 1111 2380 me
1132 2339 1219 2401 quam

325 2420 422 2481 omnis
443 2420 631 2481 fortunarum
647 2419 768 2494 jactura
789 2437 967 2494 exercuere,
995 2439 1147 2500 nunquam
1168 2419 1220 2480 de-

322 2521 440 2597 jecere,
466 2519 549 2600 quod
570 2517 640 2578 milri
661 2518 788 2580 subinde
809 2527 881 2600 post
906 2521 936 2580 in
957 2519 1110 2600 publicum
1133 2520 1220 2582 emis-

325 2639 378 2682 sos
400 2621 548 2682 clamores
569 2626 599 2680 et
619 2619 693 2680 recti
714 2620 855 2681 servandi
872 2621 1012 2696 studium,
1030 2624 1092 2698 jam
1114 2620 1221 2700 praxin

324 2723 420 2802 ipsam
445 2728 536 2802 atque
560 2723 639 2782 adeo
659 2721 788 2782 rhodum
809 2727 839 2780 et
860 2720 967 2782 saltum
987 2718 1220 2799 abjicerem&

325 2844 361 2884 ac
381 2823 478 2884 sicubi
489 2820 756 2902 langueremffl),
775 2823 998 2901 exprobrarem.
1029 2823 1128 2900 Supra
1141 2822 1221 2885 vires

324 2925 545 3004 propemodum
564 2924 701 2986 incubuit
719 2923 908 3003 quorundam
929 2942 967 2982 ex
992 2922 1098 2983 ordine
1115 2930 1221 2986 nostro

325 3023 431 3086 levitas
453 3031 484 3086 et
502 3023 643 3105 perfidia,
664 3043 742 3085 aune
764 3023 892 3103 tempori
914 3024 1064 3100 serviens,
1086 3043 1124 3084 an
1144 3024 1219 3084 laxi-

326 3125 394 3187 tatis
422 3125 676 3206 opportunitatem
706 3123 793 3184 avide
825 3124 975 3202 amplexa,
1009 3124 1117 3206 quibus
1149 3125 1221 3206 quin

325 3279 525 3291 ...ο-αι--ια-

391 3375 417 3444 *)
435 3373 503 3427 cod.
523 3378 551 3427 Α,
569 3378 598 3426 et
613 3373 656 3426 B.:
673 3370 759 3427 nihilo
779 3370 875 3425 minus.

375 3460 421 3529 ll)
438 3457 506 3512 Cod.
524 3460 554 3510 A.
572 3457 603 3510 B.
622 3463 651 3511 et
667 3473 706 3511 a:
729 3457 888 3526 objicerem.

359 3544 421 3613 lll)
438 3541 506 3597 (lod.
524 3545 554 3597 A.
572 3547 602 3596 ot
616 3542 660 3596 B.:
683 3541 896 3615 languescerem.
