3025 4409
471 461 637 532 conflagrati
654 461 750 534 templi
768 460 926 534 descriptio.
1104 467 1146 529 69

251 624 390 681 ornatum
409 624 438 679 et
459 620 552 681 sacris
568 619 694 699 picturis
717 617 851 699 nudique
866 618 1041 681 decoratum
1059 617 1144 683 insu-

150 794 151 807 *
250 740 366 801 perque
387 720 551 783 artificioso
565 720 726 799 horologio
745 718 924 781 instructum
938 724 1001 779 tum
1014 717 1143 797 publicis

250 828 313 885 tum
323 820 448 902 privetis
461 823 553 900 magis
568 820 710 902 impensis
723 826 795 894 crat,
812 839 902 899 quem
916 817 1144 899 elegantissime.

249 921 327 983 Nem
355 942 423 983 curu
443 921 512 983 doh.
533 922 666 1006 lacobus
688 919 895 1001 Eugelhcrdus
920 927 950 981 et
966 919 1038 983 doh.
1060 916 1144 979 Gon-

249 1023 342 1083 redus
363 1021 489 1084 Aihinns
511 1023 610 1085 soceri
631 1029 661 1085 et
680 1020 774 1101 patris
800 1021 849 1083 sui
867 1020 1014 1083 Johannis
1033 1017 1144 1095 titini,

250 1130 323 1203 post
337 1122 387 1183 37.
405 1142 552 1186 annorum
573 1124 706 1185 rationes
724 1122 839 1204 aliquot
858 1121 1045 1202 principibus
1064 1120 1144 1181 bene

150 1250 151 1263 ¹
251 1223 426 1298 subductas,
447 1242 526 1285 anno
549 1224 640 1287 1614.
666 1224 712 1284 10.
734 1223 809 1285 Julii
834 1221 874 1283 ad
895 1224 992 1283 Deum
1019 1220 1144 1297 reversi,

150 1318 151 1325 '
250 1329 336 1403 grato
358 1322 457 1383 enimc
479 1324 526 1385 sui
546 1324 752 1404 posteritatem
773 1322 927 1386 recordari
947 1321 1073 1397 vellent,
1095 1341 1145 1383 ec-

253 1422 374 1485 clesiam
393 1422 548 1502 ingeniose
561 1424 694 1487 Conredi
704 1424 912 1505 Rotemburgii
919 1422 1045 1503 pictoris
1056 1440 1147 1483 manu

253 1531 388 1585 ornatam
405 1522 581 1602 voluerunt,
602 1544 680 1606 quos
693 1526 822 1588 imitatae
831 1531 921 1587 Anne
932 1524 1028 1586 Maria
1039 1523 1147 1586 Thillia

253 1626 353 1686 Aihini
373 1624 468 1701 illius,
491 1627 578 1687 Anna
598 1626 709 1687 Wildia
722 1627 791 1688 Joh.
805 1625 934 1705 Epplini,
954 1624 1147 1687 AunsReut-

254 1726 389 1787 cnechtia
404 1724 511 1786 iacobi
531 1726 644 1803 Wildii,
666 1726 764 1787 Maria
781 1725 918 1805 Zieglera
933 1725 1059 1804 Georgii
1075 1724 1147 1787 Kel-

253 1825 320 1902 lini,
349 1824 511 1905 Margarita
537 1826 686 1888 Schmidia
717 1824 928 1905 Christophori
954 1826 1148 1907 Mechtolphi,

255 1946 359 1988 omnes
381 1926 497 2003 viduae,
517 1946 554 1987 ac
574 1934 729 2006 praeterea
749 1924 898 1987 Melchior
910 1924 1073 2005 Beugelius
1094 1926 1148 1986 de-

256 2046 357 2099 canus,
378 2026 531 2087 dohennes
552 2028 658 2089 Bulius
680 2025 788 2089 consul
808 2035 838 2087 et
858 2025 1052 2088 Sebastianus
1065 2025 1149 2087 Sies-

255 2126 374 2187 kindius
400 2128 655 2207 pharmacopceus
689 2146 745 2189 suo
778 2127 890 2207 singuli
914 2126 986 2191 loco
1018 2125 1149 2205 parietes

255 2226 443 2290 illustrabant
463 2226 626 2307 pluresque
647 2227 782 2289 certatim
807 2234 945 2307 sumptus
973 2226 1149 2298 offerebant,

257 2328 314 2391 nisi
328 2328 415 2408 prior
432 2326 583 2389 calamites
598 2328 730 2407 pictores
747 2328 951 2393 deterruisset.
984 2328 1036 2389 Sic
1050 2337 1150 2389 eutem

258 2428 416 2491 distribute
435 2435 499 2489 eret
518 2428 648 2507 pictura,
670 2430 753 2491 utin
774 2448 891 2491 summo
911 2428 1046 2494 ubuato
1066 2427 1151 2509 quod

259 2531 383 2593 fornicis
404 2530 474 2591 loco
497 2536 560 2591 erat
580 2531 693 2593 creatio
714 2550 817 2591 rerum
836 2531 970 2593 omnium
989 2536 1151 2611 prostaret,

258 2633 295 2693 ed
315 2632 446 2693 frontem
466 2630 569 2709 templi
587 2631 717 2711 perditio
738 2650 794 2709 per
813 2629 974 2706 Adsmum,
998 2631 1037 2692 ad
1056 2630 1152 2691 latere

259 2731 409 2795 restitutio
434 2750 490 2810 per
518 2728 630 2793 Christi
655 2732 827 2811 passionem
853 2731 1013 2793 duodecim
1040 2730 1151 2793 tabulis

260 2852 447 2913 expressam,
480 2829 519 2889 ad
542 2828 658 2912 tergum
685 2830 858 2911 dijudicatio
883 2850 939 2911 per
965 2830 1093 2893 eundem
1120 2831 1151 2892 in

259 2934 389 2997 nubibus
414 2932 597 2993 redeuntem.
640 2932 694 2993 llis
715 2928 983 3012 supereminebant
996 2932 1058 2992 Xll
1077 2950 1152 3012 apo-

262 3034 331 3097 stoli
350 3032 514 3096 voluntatis
536 3031 653 3093 divinae
680 3040 710 3095 et
731 3032 801 3094 fidei
820 3038 943 3094 nostrae
963 3031 1153 3111 interpretes

261 3156 319 3198 una
341 3154 409 3197 cum
429 3133 497 3194 Joh.
510 3131 644 3211 Baptista
665 3131 777 3195 Christi
796 3152 996 3212 praecursore
1017 3132 1152 3194 etPcnlo

262 3237 388 3299 doctore
418 3232 558 3314 gentium.
605 3232 880 3295 Substeruebantur
905 3233 1049 3295 virtutum
1074 3234 1153 3294 chri·

263 3336 423 3400 stianarum
436 3333 594 3413 imagines,
615 3332 705 3409 fides,
727 3352 807 3413 spes,
828 3333 964 3411 charitas,
985 3343 1153 3413 temperan-

262 3437 317 3513 tis,
344 3438 471 3514 veritas,
492 3434 676 3509 innocentia,
699 3434 855 3510 sedulitas,
875 3436 1040 3513 gratitudo,
1061 3432 1153 3497 silen-
1211 3494 1214 3500 .

263 3537 344 3614 tium,
364 3536 536 3614 liberalitas,
557 3536 724 3617 prudentia,
741 3536 838 3611 labor,
852 3536 981 3613 castitas,
995 3533 1154 3613 humilitas,

259 3638 382 3716 justitia,
400 3638 555 3714 fortitudo,
572 3637 721 3717 patieutis,
735 3637 914 3711 constantie
935 3636 1043 3717 quibus
1055 3638 1153 3700 omni·
