3025 4409
347 495 408 554 220
614 487 696 542 liber
713 488 755 542 vt.
792 487 891 544 16t3-
901 488 972 544 1649.

348 665 428 719 rom,
450 644 577 706 musices
598 655 628 707 et
647 665 778 725 poeseos
800 648 904 726 peritia
925 647 1155 708 instructissimo
1176 647 1243 707 Αιι-

347 752 435 826 gusto
458 746 545 824 jungi
572 753 601 806 et
627 747 716 807 claris
745 747 881 808 foeminis
907 748 1002 808 nostri
1027 749 1122 808 seculi
1149 749 1243 808 inseri

346 848 530 926 chorumque
550 846 661 907 ducere
681 847 804 921 meruit,
835 848 873 906 ad
894 849 1114 927 prorogandam
1136 859 1166 908 et
1186 868 1242 908 ex-

346 946 528 1008 hilarandam
557 946 748 1007 literatissimi
781 947 924 1026 principis
955 949 1043 1009 vitam
1076 949 1241 1028 aptissima.

345 1048 392 1107 Ex
412 1045 543 1107 moneris
564 1046 622 1106 mei
641 1048 775 1124 partibus
797 1049 956 1128 praecipua
973 1049 1028 1110 luit
1044 1049 1169 1110 illustris
1186 1048 1242 1109 sti-

345 1145 447 1226 pendii
463 1145 619 1225 inspectio.
652 1147 742 1223 Quod
757 1168 825 1208 cnm
844 1148 983 1210 laborare
1003 1149 1145 1228 praecoci
1166 1149 1242 1209 ellu-

345 1264 437 1325 saque
458 1248 604 1323 graduum
630 1247 830 1309 literariorum
858 1227 1033 1323 collatione,
1060 1257 1122 1309 tum
1143 1250 1240 1310 intor-

344 1348 481 1409 matiouis
509 1346 597 1406 etiam
627 1347 846 1408 mathematicae
876 1356 905 1408 et
937 1347 1083 1409 hebraeae
1113 1350 1241 1426 penuria

344 1450 508 1519 videretur,
535 1446 654 1527 utrique
682 1456 764 1507 recte
785 1447 970 1519 consultnm3
999 1449 1145 1509 srnntibus
1168 1470 1239 1528 cge-

344 1568 453 1609 nornm
470 1553 586 1608 cauturu
604 1556 658 1622 est,
682 1549 730 1607 13.
742 1547 825 1608 Junii
847 1549 981 1608 didactro
1004 1549 1091 1609 etiam
1110 1550 1140 1608 in
1158 1550 1238 1610 duos

343 1650 534 1728 professores
558 1667 658 1708 arrnuo
685 1669 740 1727 per
768 1669 813 1708 nie
840 1648 996 1723 collecto,
1011 1650 1059 1709 cni
1081 1653 1237 1728 Angustus

343 1770 427 1811 meus
447 1751 488 1810 30
503 1749 645 1822 florenos,
665 1751 785 1827 produx
802 1749 1003 1828 Geizigkoller
1020 1752 1068 1823 10,
1091 1750 1141 1810 alii
1159 1751 1237 1812 alios

342 1872 399 1931 pro
421 1850 549 1912 fortunis
570 1851 633 1911 suis
660 1860 689 1910 et
709 1851 887 1910 humanitate
908 1850 1073 1910 contulere.
1115 1850 1236 1911 Nnhem

341 1974 415 2014 vero
436 1960 529 2012 atram
550 1950 702 2011 serenitati
722 1951 810 2027 hnj'ns
831 1951 901 2009 anni
922 1950 1038 2010 induxit
1061 1971 1128 2010 euru
1142 1972 1235 2025 mom,

341 2074 418 2135 quae
446 2053 609 2113 amicorum
635 2050 826 2111 selectiorunr
854 2051 1020 2112 ternionem
1042 2050 1164 2112 abstulit
1178 2053 1235 2112 do-

340 2173 449 2214 annem
469 2152 642 2213 Conradum
665 2147 843 2212 Goebelium
870 2151 1013 2230 peculiari
1042 2151 1142 2230 elogio
1168 2152 1228 2212 lan·

341 2254 471 2314 dandum
491 2254 521 2313 8.
536 2252 622 2327 dolii,
649 2253 797 2312 loannem
818 2251 992 2312 Conradnrn
1012 2252 1234 2313 Brodbeocium

341 2355 414 2415 olim
434 2353 612 2430 discipulum
635 2354 684 2413 18.
703 2352 829 2412 Octobr.
852 2360 881 2412 et
902 2352 1086 2412 Fridericnm
1107 2353 1232 2414 Richar-

341 2456 411 2514 dnm
432 2453 615 2513 Mockelinm
642 2471 703 2512 non
728 2453 793 2513 siue
814 2453 930 2514 honore
956 2453 1075 2531 saepius
1097 2454 1232 2514 nomina-

340 2564 403 2616 tum
424 2555 453 2614 7.
467 2555 557 2627 Dec,
587 2552 617 2611 in
643 2571 730 2628 quus
750 2553 886 2613 solamen
905 2553 1039 2614 loannes
1059 2555 1233 2632 Beermajer

340 2656 494 2728 Austrius,
514 2674 612 2714 novus
634 2653 746 2714 amicus
769 2654 797 2714 in
821 2654 955 2715 notitiam
976 2653 1142 2730 concessit,
1165 2655 1231 2715 dili-

339 2754 456 2834 gentius
468 2753 685 2833 explorandum
700 2765 762 2815 turn
780 2755 857 2816 coeli
872 2760 995 2816 cruenta
1005 2754 1141 2833 prodigia
1154 2775 1231 2816 nun-

340 2875 429 2935 quam
450 2853 571 2933 impune
589 2853 667 2928 visa,
690 2854 823 2915 omnium
843 2875 917 2917 vero
932 2854 1100 2916 tristissima
1114 2855 1231 2917 Succo-

339 2955 558 3017 Vinariensinm
576 2954 606 3014 in
617 2974 722 3033 agrum
735 2963 872 3016 nostrum
886 2955 1029 3034 irruptio,
1051 2955 1163 3016 blando
1180 2977 1230 3018 ao·

340 3076 439 3131 cessu,
458 3057 512 3116 sed
520 3055 621 3117 hostili
637 3074 761 3134 egressu
773 3055 920 3116 malornm
932 3054 1024 3114 iliada
1036 3075 1091 3134 per
1103 3057 1229 3120 infestos

339 3164 461 3219 nostros
487 3155 647 3217 auxiliares
667 3155 756 3217 nobis
778 3156 905 3230 ducens,
933 3162 1043 3236 quanta
1064 3166 1135 3234 post
1156 3159 1227 3220 balli

339 3260 428 3336 hujus
446 3257 649 3319 exitiosissimi
666 3255 760 3334 prima
779 3255 860 3316 initia
875 3276 1005 3336 uuquam
1020 3257 1158 3336 perpessi
1177 3279 1228 3320 su-

339 3379 414 3433 mus,
436 3377 499 3417 non
517 3357 695 3428 horninibus,
711 3357 765 3416 sed
782 3356 909 3436 oppidis,
925 3357 1019 3436 pagis,
1036 3357 1125 3433 villis,
1143 3359 1227 3420 vine-

340 3462 392 3535 tis,
414 3459 575 3531 arboretis,
598 3458 657 3517 imo
679 3456 766 3517 etiam
787 3456 952 3534 pecudibus
969 3461 999 3516 et
1010 3458 1154 3533 jumentis
1175 3460 1226 3521 de-

337 3561 491 3639 ploranda.
524 3557 620 3635 Cujus
637 3558 764 3636 pretinm
781 3557 936 3620 ridiculum
954 3559 1041 3634 juxta
1060 3567 1089 3620 et
1111 3562 1226 3640 puden-
