3025 4409
304 476 454 530 Goulartus
471 475 571 546 compl.
581 475 675 546 script.
687 477 770 530 Andr.
780 476 808 537 in
820 477 888 548 ling.
900 477 970 532 Gall.
980 479 1116 534 traustert.
1159 489 1202 548 99

302 632 394 711 pebat
423 634 508 694 etiam
538 653 659 712 gregem
685 653 784 696 meum
812 641 909 696 turma
941 635 1088 714 militaris,
1124 657 1203 718 quae

300 733 394 810 paulo
409 740 481 812 post
496 733 535 794 ad
545 733 725 813 Wimpiuam
742 734 841 796 deleta
855 755 970 814 poenas
988 735 1139 814 dedit92).
1161 739 1200 802 Et

300 834 490 912 flagellabant
511 855 660 896 annonam
681 836 810 896 Satanae
838 835 996 911 licentiati,
1022 857 1064 900 sc.
1090 839 1200 918 quibus
1321 831 1322 834 ¹

300 933 423 1014 impune
437 936 534 1015 pretia
551 957 652 998 rerum
667 936 854 997 confundere
871 944 935 996 erat
954 955 1142 1014 concessum,
1159 959 1201 1002 ne

299 1055 382 1096 nunc
404 1037 524 1117 quidem
544 1039 582 1098 ad
602 1038 731 1118 priscam
751 1036 931 1117 aequitatem
952 1039 1085 1102 reducta.
1127 1040 1200 1115 Quo

299 1136 437 1198 taedioso
464 1145 600 1217 tempore
627 1137 796 1199 sanciendis
823 1137 931 1200 civium
958 1137 1092 1203 amicitiis
1111 1159 1202 1200 vacas

298 1237 378 1299 barn.
405 1238 606 1315 Quibuscum
620 1237 857 1318 Argentineuses
876 1259 974 1319 nuper
990 1239 1200 1315 accessissent,

300 1337 412 1418 quippe
443 1346 564 1418 praeter
595 1337 747 1402 Matthiani
777 1341 1010 1420 Berueggerum
1033 1347 1064 1404 et
1092 1341 1203 1429 dcccli,¹

299 1440 562 1501 Boclreuholerum
582 1442 695 1505 amicos
715 1447 785 1502 aute
806 1446 907 1517 notos,
929 1441 1060 1521 ampliss.
1077 1441 1124 1502 vir
1139 1443 1198 1504 Pe·

301 1546 367 1601 trus
380 1540 542 1604 Storeliius
558 1543 675 1618 consul,
686 1545 724 1604 D.
732 1543 861 1604 ‹lohann⁴
878 1541 1036 1608 Gisseuius
1046 1539 1096 1618 ⁹³)
1112 1543 1198 1606 theo-

300 1640 398 1722 logiae
425 1642 598 1720 professor,
626 1642 708 1704 Elias
729 1643 902 1704 Schadaeus
914 1639 976 1718 ⁹⁴)
992 1643 1030 1704 ad
1049 1644 1197 1710 D.,Nico·-

298 1743 381 1803 laum
392 1748 498 1822 pastor
513 1749 543 1802 et
553 1742 923 1822 'llieoplrilusDachtlerus
936 1744 1108 1808 secretioris
1122 1765 1197 1811 con-

300 1843 359 1906 silii
385 1843 484 1905 scriba
504 1863 552 1904 me
572 1843 768 1919 admiserant,
795 1843 905 1906 mutuis
927 1843 1021 1906 literis
1042 1865 1091 1907 me
1111 1846 1197 1910 oble-

297 1945 413 2006 ctabam
434 1946 515 2006 etin
534 1965 667 2006 amorem
688 1945 849 2006 honestum
868 1962 985 2022 pronus
1006 1943 1108 2005 officio
1126 1964 1195 2016 uico

300 2045 409 2108 sedulo
435 2045 628 2125 defungebar.
670 2047 733 2108 llac
760 2044 848 2108 edam
874 2043 1036 2106 occasione
1055 2064 1124 2108 oum
1143 2047 1195 2114 Ja-

299 2165 358 2210 nus
385 2148 533 2210 Gruterus
552 2144 604 2222 95)
630 2146 677 2206 vir
703 2145 916 2208 celeberrimus
942 2143 1069 2206 alterum
1093 2145 1197 2218 ¹Flori-
1281 2233 1283 2236 .

298 2247 371 2327 legi
393 2247 537 2328 Langiani
553 2244 605 2323 ⁹⁶)
634 2254 747 2309 tomum
776 2269 854 2328 opus
881 2253 999 2310 vastum
1024 2245 1196 2324 mornmet,
1265 2253 1269 2264 '

299 2349 367 2426 ejus
392 2349 545 2412 laboriosa
570 2347 601 2406 iu
628 2347 743 2410 classes
772 2349 941 2412 distributio
969 2347 1040 2410 mili
1061 2349 1195 2429 configit,

300 2449 326 2511 si
346 2450 431 2514 nullo
452 2449 526 2522 ulio,
548 2449 606 2509 lroc
628 2454 710 2508 certe
730 2449 839 2530 insigni
860 2451 970 2522 fructu,
991 2456 1026 2512 ut
1046 2451 1119 2519 unii
1139 2451 1195 2514 viri

298 2549 426 2612 amicitia
452 2558 483 2612 et
508 2556 612 2611 secuta
637 2549 816 2614 familiaritas
842 2551 911 2614 mihi
935 2549 1074 2626 cessarit,
1106 2571 1195 2632 qnam

298 2649 393 2713 literis
415 2657 446 2710 et
465 2649 626 2730 colloquiis
648 2671 707 2730 qua
734 2671 850 2714 summa
870 2649 1049 2714 humanitate
1070 2651 1127 2713 fuit
1144 2650 1196 2716 ille

300 2750 407 2813 sedulo
436 2749 576 2812 excoluit.
624 2749 690 2811 Nec
716 2752 997 2830 praetermittendus
1024 2755 1073 2812 est
1096 2751 1195 2816 Geor-

299 2851 367 2931 gius
386 2871 405 2912 a
424 2852 587 2926 Windeck,
617 2851 669 2932 qui
690 2871 759 2913 cum
780 2859 851 2931 post
870 2851 1009 2916 niustriae
1029 2851 1195 2930 superioris

296 2953 412 3016 oldam
423 2951 473 3028 97)
488 2950 650 3030 Vailriugae
663 2951 780 3028 lateret,
802 2971 870 3015 cum
886 2951 1011 3016 fortuito
1027 2970 1195 3032 omisssis

296 3052 328 3114 in
348 3052 446 3114 vuum
466 3052 646 3126 incidissem,
668 3051 744 3111 adeo
761 3051 890 3113 animum
907 3052 938 3114 iu
954 3072 1002 3114 me
1018 3051 1104 3116 tacite
1120 3073 1194 3120 cun·
1273 3114 1278 3122 r

300 3153 406 3229 vertit,
433 3160 467 3216 ut
494 3153 525 3214 iu
551 3150 696 3213 secretius
723 3151 909 3231 colloquium
934 3151 1061 3216 accitum
1089 3174 1123 3218 se
1143 3155 1194 3218 ba-

299 3273 407 3316 ronem
433 3253 518 3316 illum
543 3252 820 3314 'lschornemblium
854 3259 936 3314 tanta
965 3253 1136 3324 eruditione
1164 3261 1196 3316 et

299 3354 460 3433 sagacuate
487 3355 636 3416 lanosum
662 3360 693 3414 et
715 3359 839 3416 nostrae
865 3354 1038 3432 tragoediae
1057 3375 1121 3421 uon
1139 3355 1195 3420 mi-

300 3455 409 3519 nimam
436 3475 598 3535 personam
625 3453 804 3534 prodiderit,
838 3473 873 3516 ec
904 3455 1012 3520 exinde
1043 3457 1194 3520 literarum

299 3575 416 3620 mecum
433 3554 674 3636 reciprocatione
695 3555 865 3618 solitudinis
891 3555 1204 3637 animatumque·

951 3653 996 3715 7*
