3025 4409
463 515 560 586 Neptis
577 513 746 568 valentiola
763 513 849 567 tratre
865 515 984 570 seducta.
1110 519 1171 582 253

281 672 391 732 Aulon.
413 691 431 731 a
451 669 615 751 Popper*)
642 689 709 731 cunr
731 670 840 730 Martio
861 671 1032 732 Ronnawer
1058 672 1171 748 ejurata

281 772 427 851 religione
445 773 483 831 ad
504 791 562 833 nos
586 771 772 849 transfugae,
799 779 863 830 tum
884 770 1018 850 inprimis
1040 771 1170 832 Ludovi-

279 893 335 934 eus
361 873 399 932 de
419 871 492 948 blaji
512 871 622 932 nobilis
642 870 762 944 Gallus,
790 870 913 931 eximiae
939 870 1114 932 eruditionis
1140 881 1171 932 et

279 972 448 1052 linguarum
472 972 610 1050 peritiae,
640 971 679 1031 de
704 989 765 1050 quo
790 978 887 1032 tamen
919 991 1048 1052 sequens
1074 991 1169 1033 annus

278 1075 367 1153 plura
393 1074 521 1136 docebit„
569 1071 677 1132 biteris
695 1091 770 1131 vero
792 1079 998 1134 convenerunt
1019 1072 1169 1151 Georgius

279 1171 689 1254 Philippusllarstorler²⁷⁵)
700 1195 785 1236 rarae
799 1181 829 1236 et
845 1171 1015 1252 multiplicis
1029 1173 1170 1235 scientiae

279 1275 458 1354 exemplum,
470 1275 537 1335 Job.
551 1273 678 1334 Michael
689 1275 921 1340 Moseberosclr²
930 1274 941 1307 ⁷
951 1275 980 1351 ⁸)
994 1282 1023 1336 et
1036 1275 1169 1336 loannes

277 1375 451 1436 docebimus
471 1373 631 1450 Frauzius‚
651 1395 804 1457 nunquam
824 1396 842 1437 a
862 1376 937 1436 facie
957 1374 1034 1450 uoti,
1061 1375 1170 1456 quibus

281 1476 325 1537 bis
345 1476 442 1537 illisve
464 1482 535 1554 post
555 1475 849 1555 Guelpberbytanum
870 1476 1021 1537 literarum
1044 1476 1170 1538 solenne

281 1578 505 1654 commercium,
537 1576 601 1638 sive
634 1595 736 1635 coram
764 1575 827 1637 sive
855 1577 936 1637 foras
963 1584 1104 1656 quantum
1131 1578 1170 1639 sit

257 1676 454 1756 'impensum
476 1683 603 1738 nonest
623 1675 756 1753 cujusvis
778 1675 868 1736 otiosi
887 1675 935 1735 vel
952 1676 1097 1752 judicare,
1120 1678 1168 1738 vel

280 1776 458 1856 iutelligere3
480 1796 553 1838 sane
570 1775 652 1856 quod
673 1775 875 1854 vegetioribus
897 1775 981 1837 lusus
1003 1784 1033 1837 et
1052 1785 1169 1856 tempo-

280 1877 322 1938 ris
343 1877 535 1938 lnllimentum
557 1875 615 1935 dici
635 1884 748 1954 posset,
770 1875 897 1937 Frecido
919 1877 988 1937 milri
1010 1886 1040 1938 et
1059 1877 1169 1938 elumbi

280 1977 366 2038 oneri
385 1986 432 2038 est
457 1984 487 2037 et
506 1975 651 2054 temporis
671 1977 815 2037 maximae
835 1976 1050 2052 imminutioni,
1077 1985 1111 2038 ut
1132 1979 1169 2039 de

279 2077 413 2139 amicitiis
439 2078 540 2157 potius
565 2074 806 2154 dissidendisss)
834 2097 922 2158 qnam
943 2076 1118 2157 colligendis
1141 2087 1171 2140 et

279 2178 429 2254 fovendis,
454 2177 581 2258 negotiis
600 2178 781 2257 seponendis
802 2199 890 2259 quam
910 2179 1171 2258 conglomerandis

280 2279 411 2340 rationes
426 2279 497 2339 mibi
513 2278 658 2339 ineundas
674 2285 785 2357 putem.
825 2279 887 2339 Res
905 2279 1086 2342 domesticae
1106 2283 1170 2344 Au-

279 2387 366 2458 gusta
391 2399 478 2440 manu
500 2378 658 2439 etiamnum
679 2380 816 2440 suffultae
837 2385 961 2456 stetere,
989 2381 1170 2444 cuinullum

279 2499 381 2558 parem
403 2479 525 2560 gratiam
546 2479 689 2541 retulero.
729 2479 837 2559 Neptis
859 2499 896 2540 ex
918 2501 1025 2544 sorore
1045 2483 1169 2563 Regina,

280 2599 357 2660 quae
383 2579 465 2639 domi
496 2600 579 2641 meae
606 2601 662 2660 per
688 2582 737 2642 14.
763 2587 844 2643 totos
871 2601 967 2643 annos
992 2582 1071 2643 filiae
1098 2583 1169 2646 loco

279 2679 377 2740 babila
404 2679 544 2760 cultaque
570 2681 637 2755 luit,
665 2701 683 2741 a
703 2701 831 2762 nequam
852 2683 943 2743 fratre
962 2683 1079 2745 daoobo
1099 2685 1170 2746 Bal-

278 2781 352 2841 tbas.
375 2777 510 2841 Simooio
532 2780 659 2842 abducta
679 2781 750 2842 mihi
771 2789 815 2843 est
841 2783 890 2844 13.
903 2782 996 2862 Aug,
1018 2785 1105 2845 rediit
1125 2791 1170 2846 ta-

279 2899 347 2940 men
367 2880 436 2940 lacti
455 2880 613 2959 poenitens
632 2891 704 2962 post
724 2886 772 2944 1⁶.
787 2882 996 2955 hebdomadas,
1018 2887 1105 2963 cujus
1124 2887 1170 2948 in-

278 2990 360 3041 terea
379 2980 461 3041 vices
480 2983 568 3041 Anna
588 2982 681 3043 Maria
701 2981 812 3062 Bur-gia
831 2983 927 3062 probe
948 2984 1015 3064 egit.
1052 2985 1170 3048 Ancilla

279 3079 438 3141 catharina
458 3081 618 3144 Scbedeliu
638 3081 705 3143 viro
727 3083 842 3162 nupsit,
868 3083 916 3144 cui
937 3083 1024 3147 Anna
1045 3086 1171 3148 Visohe-

278 3180 325 3240 rin
351 3181 495 3242 successit
522 3187 570 3242 11.
591 3181 683 3243 lunii.
735 3183 773 3244 Et
798 3184 852 3244 bae
880 3184 938 3246 sint
966 3187 1054 3264 buius
1082 3186 1169 3248 etiam

343 3425 368 3494 *)
386 3425 454 3478 Cod.
468 3424 511 3478 B.:
528 3426 642 3498 Poppen
659 3442 720 3480 eum
737 3427 775 3481 Μ.
787 3427 928 3488 Kouaner.
963 3433 1029 3488 Cod.
1042 3447 1079 3486 a:
1096 3429 1169 3503 Pop.

276 3523 329 3578 peu
346 3523 408 3561 cum
424 3511 463 3566 bl
472 3508 649 3565 Komuaner.

331 3591 372 3661 a«)
390 3591 458 3646 Cod.
477 3595 506 3648 B.
524 3601 552 3650 et
568 3611 606 3650 a:
628 3595 786 3652 disserendis.
