3025 4409
345 515 407 578 10¹1
611 505 695 562 Liber
709 503 755 561 ill.
789 503 973 562 roto-lom.

348 666 511 728 mitellam
532 683 570 724 ex
591 663 713 725 Noricis
735 663 867 742 optimus
888 665 1016 742 Bajerus
1041 661 1172 726 biennali
1192 663 1249 726 sti-

348 769 470 849 pendio.
519 764 610 827 Cives
632 767 690 827 mei
711 773 742 827 et
762 767 850 828 lautis
873 764 982 826 strenis
1002 770 1108 826 mutuo
1129 770 1249 828 certan-

347 876 394 932 tes
413 875 445 930 et
463 866 660 930 communitas
673 868 777 929 27111.
797 866 922 929 donario
942 865 1135 946 indigentiam
1150 886 1249 929 meam

348 971 553 1034 sublevammt.
585 967 686 1030 Nihilo
704 977 805 1032 tamen
819 969 917 1032 miuus
936 968 1161 1050 quadringentis
1176 968 1249 1049 plus

346 1074 446 1137 minus
466 1069 590 1133 florenis
610 1070 686 1134 meis
705 1078 787 1134 tanta
807 1090 945 1134 annonae
966 1069 1074 1132 caritas
1094 1069 1165 1132 milri
1186 1076 1249 1132 ste-

347 1177 397 1253 tit,
428 1175 613 1254 insuperque
644 1173 744 1235 salarii
776 1173 868 1235 debili
898 1173 1026 1236 maxima
1063 1193 1150 1252 pars,
1184 1171 1248 1234 ooo

347 1275 460 1361 quippe
476 1276 671 1354 florenorum,
693 1274 815 1356 maligni
835 1275 957 1356 spiritus
976 1276 1013 1338 Η.
1028 1273 1186 1355 iniquitate
1201 1273 1248 1336 in-

347 1389 483 1445 terversa
502 1375 600 1458 periit,
621 1383 655 1438 nt
672 1384 703 1438 et
716 1375 904 1440 aemulorum
919 1396 1055 1440 meorum
1066 1375 1247 1440 collusione.

348 1483 399 1547 1⁰.
412 1481 503 1545 Febr.
519 1478 702 1541 haereditate
720 1479 793 1541 mihi
819 1481 910 1544 cessit
929 1480 994 1543 Eva
1014 1479 1110 1542 Mario
1135 1498 1174 1542 ex
1194 1498 1248 1542 so-

348 1605 421 1651 rore
441 1581 557 1664 Regina
581 1581 696 1662 neptis,
723 1582 812 1645 trima
838 1580 1029 1646 festivissima
1049 1582 1165 1663 puella,
1193 1582 1247 1644 ad-

350 1689 504 1769 ditumque
531 1685 717 1747 auctuarinm
743 1685 802 1747 alia
823 1705 861 1748 ex
886 1686 978 1747 fratre
1003 1686 1121 1749 Jacobo
1146 1685 1246 1766 neptis

348 1792 505 1865 Johanna,
527 1807 570 1849 sc.
591 1786 692 1850 subito
714 1808 820 1851 eversa
841 1789 961 1850 lormna
988 1788 1099 1849 sororii
1119 1787 1248 1850 Simonii

349 1896 421 1961 satis
440 1894 536 1967 lauta,
565 1889 619 1951 sed
639 1889 824 1952 incredibilis
854 1888 1005 1967 sorditiei,
1034 1897 1069 1954 ut
1097 1909 1173 1971 quae
1199 1896 1247 1951 te-

347 1997 455 2063 runcio
470 2011 567 2054 meam
583 1991 780 2053 calamitatem
793 2011 855 2052 non
872 1992 1031 2070 solaretur,
1053 2011 1137 2054 suam
1157 2011 1247 2071 prae-

346 2115 508 2183 properam
538 2094 657 2155 incaula
688 2093 862 2175 neutiquam
897 2093 1081 2173 provideret.
1134 2094 1248 2156 Postea

347 2222 418 2267 cum
441 2197 532 2261 aedes
556 2213 640 2256 meae
665 2195 799 2274 priores,
831 2194 1027 2257 tumultuario
1051 2214 1144 2276 opere
1170 2213 1246 2258 con-

348 2309 479 2369 structae
505 2295 606 2359 debito
632 2295 823 2375 angustiores
857 2302 973 2374 essent,
1005 2296 1115 2360 alteras
1144 2295 1247 2359 addidi

347 2403 423 2468 meis
443 2397 602 2479 impensis,
630 2415 708 2478 quae
730 2397 855 2474 junctae
882 2405 912 2460 et
932 2397 1071 2460 familiam
1092 2403 1245 2479 caperent,

348 2516 378 2570 et
398 2500 505 2568 studiis
523 2498 733 2575 convenirent,
753 2506 876 2580 coeptas
893 2502 943 2564 28.
959 2501 1069 2578 Martii,
1091 2506 1247 2582 utcunque

347 2604 465 2671 absolvi
486 2604 535 2665 18.
547 2598 630 2662 Junii
651 2605 682 2660 et
706 2601 820 2681 nuptiis
841 2601 919 2664 filiae
940 2601 1158 2684 primogenitae
1178 2602 1247 2664 Illa-

346 2712 410 2773 riae
442 2725 511 2784 cum
537 2703 630 2764 Petro
655 2700 792 2765 Waltero
827 2703 892 2766 cive
916 2723 985 2767 meo
1019 2711 1051 2766 et
1075 2709 1247 2768 mercatore

347 2815 398 2876 20.
413 2807 496 2872 lunii
515 2803 642 2880 initiari,
669 2803 778 2884 quibus
806 2805 945 2868 omnibus
966 2807 1051 2869 Deus
1072 2805 1246 2870 benedicat!

345 2917 381 2977 ln
408 2905 613 2974 ecclesiastico
644 2925 769 2968 munere
794 2907 863 2970 Joh.
886 2905 1061 2971 Conradum
1093 2906 1248 2970 Zellerum

345 3008 626 3094 Wildpergensibus
646 3008 941 3088 superintendentem
961 3016 991 3072 et
1010 3010 1079 3074 doh.
1100 3009 1247 3072 Eberma·

341 3118 444 3198 jerom
464 3109 757 3174 Zavelsteinensibus
784 3121 952 3191 pastorem,
982 3111 1110 3174 caeteris
1136 3110 1176 3178 ob
1197 3112 1248 3174 in-

273 3297 276 3304 ,
346 3213 480 3295 lectas*)
501 3213 565 3276 vias
591 3219 622 3274 et
647 3210 792 3291 temporis
819 3211 958 3291 injuriam
986 3211 1143 3294 suspensis
1173 3211 1247 3276 stili.

345 3323 386 3385 Et
411 3317 533 3403 qnando
558 3315 631 3376 nihil
658 3314 748 3392 liujus
769 3312 839 3374 anni
859 3320 1027 3384 memoratu
1048 3315 1170 3396 dignum
1192 3333 1248 3376 oc-

346 3422 449 3501 currit,
467 3421 569 3500 justus
591 3416 680 3482 dolor
700 3434 786 3480 meus
807 3435 845 3477 ex
866 3420 1074 3480 anteactorum
1091 3415 1248 3483 erroribus

409 3637 439 3710 4θ)
457 3635 527 3692 Cod.
544 3636 574 3689 Α.
592 3636 621 3688 et
635 3629 679 3688 u:
700 3629 823 3685 infestas.
