3025 4409
346 486 403 546 124
605 483 688 538 Liber
703 483 747 536 lV.
784 483 957 546 16304639
1028 529 1030 536 .

341 647 472 707 buerunt
491 663 559 704 cum
574 639 722 701 Gocbelio
745 649 775 700 et
792 642 962 702 Reinhardo
986 643 1116 720 optimus
1137 661 1232 704 senex

342 747 532 807 Bernhardus
553 742 704 802 Albertns.
754 742 816 804 Sed
844 754 872 802 et
899 743 1005 802 Petrus
1027 743 1234 806 Menderlinus

342 849 531 908 alumnorum
552 845 636 907 urbis
658 844 787 922 ephorus
811 849 839 901 et
860 843 987 904 Michael
1008 844 1154 904 Miillerus
1176 863 1234 904 uo-

342 948 410 1008 bilis
430 955 578 1007 mercator
603 965 639 1005 ac
665 945 730 1022 ipse
753 944 864 1020 hospes
886 945 1034 1023 Georgius
1056 944 1234 1004 Laurentius

342 1048 463 1108 senecio
488 1045 699 1108 benevolentia
720 1053 750 1104 et
769 1043 944 1105 liberalitate
965 1049 1125 1106 certarunt.
1172 1045 1233 1106 Re-

343 1149 445 1208 deuuti
467 1147 581 1206 Ulmam
610 1149 650 1206 19
671 1164 767 1224 equus
788 1143 886 1205 medio
912 1146 980 1206 foro
1006 1164 1061 1223 per
1081 1144 1233 1205 lubricita-

341 1257 399 1308 tem
432 1247 535 1326 lapsus
570 1266 617 1308 me
647 1264 725 1324 pene
752 1245 903 1323 oppressit
931 1254 961 1306 et
990 1246 1127 1307 dextrum
1154 1265 1233 1324 genu

341 1349 470 1427 graviter
488 1346 601 1407 afflixit.
636 1344 769 1406 Salutavi
789 1352 887 1406 tamen
908 1345 1093 1406 Ludovicum
1114 1347 1232 1425 episco-

341 1469 412 1527 pum
433 1447 644 1520 ecclesiastem,
666 1467 701 1506 ac
722 1446 754 1505 in
774 1446 880 1506 itinere
893 1444 1080 1524 Geisslingac
1101 1447 1229 1508 amicum

339 1549 408 1610 ioh.
423 1549 554 1608 Leonem
574 1547 655 1607 Rhot
680 1545 837 1624 patricium
858 1545 1027 1608 Ulmensem
1048 1550 1109 1610 loci
1130 1557 1231 1628 pasto-

340 1669 404 1708 rem
424 1653 494 1725 post
514 1647 625 1708 multos
646 1666 743 1707 annos
764 1646 863 1708 revisi.
894 1647 966 1707 inde
986 1649 1141 1728 Esslingae
1163 1671 1230 1712 oum

340 1748 495 1812 Ludovico
516 1747 738 1810 Hohenleldero
760 1748 931 1828 aliquandiu
955 1749 991 1808 de
1011 1750 1231 1828 praesentire-

339 1871 407 1912 rum
426 1849 598 1928 periculosa
617 1847 691 1908 facie
712 1847 882 1910 collocutus
905 1849 1026 1910 domum
1048 1851 1130 1927 redii,
1152 1871 1230 1929 pene

338 1972 446 2032 magno
468 1952 576 2010 damno
598 1956 755 2023 mactatus,
779 1969 846 2008 cum
863 1949 957 2012 Gellis
979 1951 1019 2012 50
1041 1951 1140 2014 ducati
1159 1951 1230 2012 mihi

340 2051 499 2116 dormienti
524 2050 555 2110 in
575 2050 656 2110 lecto
676 2049 872 2125 excidissent,
905 2069 983 2129 quos
1003 2043 1102 2112 tamen
1123 2059 1230 2132 postea

337 2157 449 2232 hospes
474 2149 622 2228 repetenti
646 2149 727 2210 bona
753 2149 812 2208 fide
839 2150 975 2212 reddidit.
1023 2151 1105 2212 Nihil
1131 2165 1230 2214 autem

339 2256 482 2333 scriptum
501 2252 560 2310 hoc
587 2267 667 2310 anno
694 2256 753 2324 est,
783 2250 840 2308 nisi
865 2249 982 2329 pietatis
1005 2252 1171 2314 Germanae
1191 2255 1229 2314 ad

338 2373 440 2433 regem
458 2351 585 2412 Sueoiae
606 2349 780 2429 Alloquium
802 2356 831 2409 et
856 2352 998 2412 memoria
1018 2353 1228 2432 Jubilaei¹²⁸)

338 2450 515 2531 conjugialis
527 2452 635 2512 soceri.
656 2449 814 2528 Temporis
825 2452 1228 2531 succisivalosephiDemm-

336 2551 394 2614 leri
419 2551 649 2629 ingeniosissimi
672 2549 871 2613 adolescentis
898 2558 927 2612 et
954 2553 1077 2632 Georgii
1104 2555 1229 2617 Walteri

337 2655 369 2714 in
389 2652 492 2731 lingua
512 2652 628 2714 Gallica
647 2650 825 2714 institutioni
845 2651 984 2730 impendi.
1021 2652 1180 2718 Caeterum
1201 2657 1227 2718 si

337 2753 507 2835 qnisquam,
543 2755 591 2814 hic
616 2773 712 2814 annus
734 2751 910 2812 Germaniae
936 2752 1030 2814 fatalis
1057 2754 1112 2816 fuit
1140 2765 1169 2818 et
1196 2758 1226 2817 in

337 2873 426 2916 omne
445 2873 552 2916 aevum
571 2853 772 2916 memorabilis
794 2853 850 2914 erit
868 2855 1022 2932 perpetuis
1037 2855 1111 2916 tanti
1126 2857 1227 2918 herois

335 2955 469 3017 victoriis
498 2955 586 3016 etiam
611 2954 772 3033 improvisa
797 2960 907 3028 morte,
937 2954 987 3014 cui
1012 2975 1114 3034 parem
1135 2958 1227 3020 multa

336 3064 418 3118 retro
436 3055 539 3118 secula
553 3074 616 3116 non
633 3054 781 3129 viderunt,
802 3061 923 3132 postera
939 3061 1019 3116 aetas
1038 3075 1076 3116 an
1092 3057 1227 3118 habiture

336 3157 388 3233 sit,
410 3155 553 3217 indubio
574 3153 760 3234 relinquitur.
801 3153 919 3214 Annum
942 3157 1032 3232 1633,
1054 3157 1105 3237 qui
1126 3177 1224 3220 novos

334 3257 504 3338 praefectos
524 3254 635 3316 Calvae
662 3254 751 3330 dedit,
780 3255 966 3332 superiorem
979 3256 1147 3336 Philippum
1170 3260 1226 3319 Ot-

335 3366 436 3420 tonem
464 3355 697 3434 Gemmingium,
724 3355 894 3416 inferiorem
914 3357 1095 3418 dobenina.
1113 3359 1226 3420 Andle-

334 3478 417 3535 rum,
439 3464 469 3519 et
487 3457 598 3536 ipsum,
623 3455 726 3535 paucis
747 3455 922 3536 quibusdam
943 3456 1056 3518 Phoebi
1077 3457 1225 3519 stricturis

333 3558 517 3634 albicantem,
545 3565 641 3620 atrum
662 3556 892 3628 nominaverim;
920 3557 1004 3618 initio
1025 3557 1063 3618 ab
1083 3577 1227 3638 aquarum
