3025 4409
308 511 328 570 t
588 499 671 554 ursa
687 501 707 554 1.
743 498 929 556 isac-rur.

309 659 348 721 tis
370 656 544 737 insignioris
571 656 798 738 panegyricum,
824 676 887 718 non
915 655 1031 718 itineris
1049 654 1206 737 longinqui

311 767 341 822 et
359 759 525 822 monstrosi
545 758 734 833 relationem,
762 776 824 818 uon
846 777 947 818 rerum
969 756 1206 818 memorabilium

310 859 483 939 congeriem
502 857 648 937 promitti,
675 857 826 937 quamvis,
854 858 880 918 si
902 858 1064 920 multorum
1085 858 1207 920 sonoris

311 959 418 1040 elogiis
437 958 575 1039 phaleras
597 964 627 1019 et
641 957 805 1018 verborum
816 977 956 1039 pompam
973 959 1138 1033 subtrahas,
1160 958 1206 1018 in-

311 1061 378 1122 ania
403 1059 515 1120 sceleta
540 1057 651 1138 passim
678 1057 829 1132 invenias,
862 1059 916 1120 sed
941 1058 1069 1120 hominis
1097 1058 1209 1138 plebeji

311 1168 401 1240 atque
422 1157 554 1234 obscuri,
576 1166 639 1219 tum
659 1157 772 1236 ingenii
792 1157 957 1220 obtusioris
979 1166 1093 1220 stamen
1113 1157 1208 1237 expli-

312 1259 382 1334 cari,
403 1277 492 1339 quem
512 1269 674 1340 paupertas
693 1259 785 1320 domo
808 1260 949 1338 exegerit,
971 1267 1144 1322 exterorum
1165 1259 1208 1318 sa-

312 1380 369 1422 vor
389 1359 555 1438 exceperit,
577 1360 698 1421 fortuna
716 1359 880 1422 adversans
898 1362 1017 1436 rotarit,
1040 1359 1209 1421 studiorum

312 1460 479 1522 subsidium
489 1460 605 1536 aluerit,
627 1461 775 1522 calumnia
789 1460 981 1540 depresserit,
1003 1459 1131 1522 amicitia
1145 1460 1209 1522 suf·

312 1563 443 1638 fulserit,
472 1561 641 1641 hypocrisis
661 1561 831 1636 fastidierit,
858 1561 971 1624 candor
992 1560 1142 1637 animarit,
1164 1560 1208 1620 la-

311 1663 370 1734 bor
390 1662 773 1735 exercuerit,'conscientia
785 1661 964 1738 coercuerit,
985 1661 1107 1723 libertas
1125 1682 1207 1724 com-

313 1764 468 1840 mendarit,
489 1763 687 1843 tranquillitas
703 1762 852 1839 saturarit,
874 1762 1087 1840 corpusculum
1100 1782 1208 1822 onera-

314 1865 365 1941 rit,
392 1865 510 1926 indoles
531 1863 703 1938 sublevarit,
725 1863 793 1924 aula
815 1866 953 1938 erexerit,
975 1863 1103 1926 ecclesia
1123 1881 1207 1924 rece-

312 1965 399 2044 perit,
421 1967 505 2026 Deus
524 1965 700 2045 protexerit,
723 1964 861 2026 Christus
883 1965 1062 2039 accenderit,
1085 1964 1206 2043 spiritus

313 2072 434 2128 sauctus
455 2066 648 2140 conduxerit,
672 2085 720 2126 res
738 2065 897 2126 christiana
917 2064 1099 2140 adhibuerit,
1121 2085 1208 2126 mun·

314 2167 370 2228 dus
390 2165 612 2245 proscripserit,
633 2165 753 2226 coelum
769 2165 927 2244 adoptarit,
949 2165 1058 2246 quibus
1071 2168 1131 2229 vita
1142 2188 1208 2229 mea

312 2265 499 2344 ponderibus
519 2264 625 2325 librata
646 2268 719 2340 suis,
742 2285 780 2327 eo
801 2272 945 2344 provecta
966 2267 1013 2342 sit,
1035 2275 1068 2328 ut
1082 2287 1139 2329 nec
1152 2267 1207 2328 bo·

312 2385 436 2441 norum,
467 2383 545 2445 qnae
570 2366 654 2426 Dens
688 2366 878 2446 indulgenter
911 2368 1051 2443 contulit,
1083 2369 1207 2447 pudere,

312 2485 370 2531 nec
389 2465 551 2539 malorum,
578 2463 688 2545 quibus
708 2476 833 2546 paterne
854 2469 1018 2548 castigavit,
1040 2469 1206 2548 poenitere,

312 2565 414 2645 potins
435 2564 568 2626 divinum
587 2566 755 2645 consilium,
778 2589 839 2651 quo
853 2589 908 2649 per
919 2569 1057 2648 ambages
1074 2589 1145 2630 snas
1159 2589 1207 2631 re-

313 2673 362 2728 cta
381 2665 464 2726 ducit
485 2674 515 2726 et
534 2666 742 2730 conculcando
765 2669 890 2744 extollit,
913 2669 1029 2730 scilicet
1049 2690 1105 2748 per
1125 2689 1206 2731 mor-

313 2776 373 2828 tem
397 2766 436 2828 ad
461 2765 550 2826 vitam
576 2767 727 2831 veriorem
753 2771 904 2850 perducit,
934 2769 1090 2830 aestimare
1117 2777 1210 2850 atque.

312 2867 405 2947 pleno
425 2886 480 2928 ore
499 2866 646 2930 extollere
666 2870 705 2930 sit
724 2891 893 2934 necessum.
927 2871 989 2931 Sed
1009 2870 1155 2950 praelegii
1174 2870 1206 2930 in

313 2966 441 3046 simplici
467 2986 558 3028 cansa
583 2968 669 3043 satis,
699 2991 781 3031 nunc
801 2971 879 3032 vitae
900 2991 984 3032 meae
1004 2971 1205 3033 narrationem

313 3086 351 3128 ex
371 3086 446 3128 vero
466 3075 497 3128 et
516 3067 599 3128 hono
620 3069 790 3145 audiamus,
812 3091 889 3152 quae
910 3071 954 3133 sic
974 3072 1070 3134 habet.

351 3166 506 3232 dotamus
532 3169 705 3230 Valentem
724 3169 863 3232 Andreae
883 3179 971 3234 natus
993 3189 1060 3234 sum
1074 3174 1207 3234 Herron-

312 3268 422 3347 bergae
436 3267 465 3344 ¹)
485 3269 768 3349 Wiirtembergicae,
788 3273 970 3349 parentibus,
989 3274 1136 3348 Johaune,
1156 3293 1206 3334 ec-

312 3357 432 3432 clesiae
447 3367 489 3428 ihi
515 3376 637 3448 pastore
671 3377 701 3432 et
729 3370 893 3435 vicinarum
930 3374 1207 3455 superintendente,

311 3467 418 3529 Jacohi
438 3467 572 3549 theologi
591 3469 653 3531 filio
668 3469 713 3550 ¹),
739 3472 847 3536 Jacobi
867 3483 978 3556 nepote
993 3474 1039 3553 ³),
1063 3475 1206 3556 Stephani

310 3574 494 3648 pronepote,
521 3568 664 3649 Stephani
690 3571 854 3654 abnepote,
883 3583 914 3638 et
940 3575 1035 3638 Maria
1060 3573 1205 3652 Morene,
