3025 4409
325 456 365 515 η
596 450 725 503 nuru
760 448 942 502 rsit-isra

322 605 1211 686 qnouomiueuecauimosaddidisseamicispoeuitet,nec

322 706 480 767 illaudatos
498 705 582 766 abire
599 707 651 786 qui
669 726 725 767 sna
745 706 804 766 buc
822 706 1024 779 contulerunt,
1042 708 1090 767 rel
1108 711 1208 770 medio

322 807 404 867 luctu
423 816 530 868 nostro
546 806 649 884 patiar.
691 806 756 865 Nec
777 806 856 865 enim
874 806 963 883 periit
980 809 1064 886 qnod
1082 811 1209 871 candida

322 915 419 967 mente
438 907 537 966 datum
551 908 588 966 ad
603 927 637 967 se
652 908 733 966 Dens
747 906 866 966 vocavit
879 915 910 964 et
921 908 1086 968 memoriali
1098 912 1208 990 sempi-

320 1016 407 1068 terno
427 1006 585 1085 inscripsit.
632 1008 667 1067 ld
688 1016 785 1066 umen
806 1006 969 1079 discamus,
998 1008 1063 1068 Deo
1088 1022 1208 1071 nosmet

319 1110 403 1187 ipsos
416 1126 557 1182 vacuare,
572 1127 700 1186 purgare
715 1117 744 1166 et
757 1106 963 1167 christianismi
976 1109 1102 1169 verioris
1116 1130 1208 1169 orna-

319 1214 418 1269 menta
437 1207 648 1283 intromittere,
668 1207 778 1288 uiribus
791 1207 902 1267 exculti
913 1206 1000 1266 facile
1013 1228 1131 1268 omnem
1144 1219 1206 1269 ter-

320 1328 370 1369 rae
391 1308 534 1383 nitorem,
555 1309 655 1368 fucum
676 1322 706 1368 et
725 1308 898 1367 illiuimeuta
916 1308 1149 1385 aspernabimur.

359 1408 399 1469 lt
411 1415 446 1468 ut
457 1408 496 1466 ad
508 1408 689 1487 tragoediam
708 1407 905 1481 nostram⁸⁰)
923 1414 1065 1481 revertar,
1094 1409 1205 1487 triplex

317 1508 426 1569 malum
453 1508 565 1587 oppido
591 1508 628 1568 ab
654 1508 742 1569 unius
766 1507 869 1586 templi
889 1508 1045 1587 deplorato
1065 1508 1204 1569 incendio

317 1609 494 1671 imminebat,
541 1608 617 1669 Nam
639 1630 698 1689 qua
718 1617 802 1688 parte
823 1609 968 1669 orientem
990 1608 1124 1686 respicit,
1150 1609 1203 1669 ubi

315 1711 434 1789 adytum
463 1708 526 1769 sive
552 1718 585 1769 ut
609 1720 719 1771 vocant
745 1711 871 1783 clrorus,
897 1718 1068 1787 sumptuum
1093 1710 1204 1787 opinor

316 1811 433 1871 deiectu
463 1818 515 1871 aut
545 1820 671 1871 mutatae
703 1810 856 1889 religionis
886 1808 982 1869 turbis
1011 1809 1202 1887 imperfectus

315 1912 434 1986 mansit,
472 1912 573 1990 inclyti
604 1912 718 1972 ordinis
751 1909 895 1971 teutonici
928 1912 1017 1970 aedes
1048 1929 1110 1969 uon
1143 1912 1201 1973 uisi

312 2014 415 2093 paucis
445 2014 572 2092 pedibus
603 2014 745 2073 distantes
774 2010 912 2069 laborare
942 2022 1115 2091 coeperunt.
1166 2017 1201 2075 ld

313 2115 518 2193 gravissimum
544 2112 732 2191 p[er]iculnm
755 2110 818 2185 jam
837 2130 856 2168 a
875 2131 922 2170 mc
942 2113 1111 2175 nominatus
1129 2116 1199 2178 lob.

311 2214 374 2275 Jac.
404 2213 609 2293 Engelhardus
638 2210 752 2271 ordinis
785 2230 968 2273 oeconomus
1000 2214 1109 2273 devicit
1139 2224 1198 2277 tam

312 2334 367 2375 sno
394 2332 481 2393 quam
508 2313 665 2373 universae
686 2311 912 2391 propinquitatis
933 2315 1102 2375 commodo.
1144 2317 1198 2377 Al-

310 2424 376 2475 tero
396 2410 622 2490 septentrionali
640 2410 734 2471 latere
751 2412 965 2491 paedagogium
986 2413 1108 2475 latinum
1128 2438 1197 2479 cum

309 2513 453 2594 proximis
480 2522 510 2571 et
536 2510 715 2571 irruentibus
736 2512 859 2573 flammis
881 2512 1043 2591 dimicavit,
1071 2524 1197 2579 strenuo

308 2614 454 2675 bellatore
485 2613 525 2672 M.
552 2611 711 2673 Wilhelmo
739 2610 889 2691 Cuppelio
914 2612 1061 2675 literariae
1085 2618 1195 2693 juveu-

308 2714 362 2777 tuti
382 2714 543 2793 praelecto.
579 2712 698 2774 'l'ertius
719 2712 876 2774 conflictus
896 2713 950 2772 sed
969 2714 1061 2795 louge
1079 2718 1195 2795 gravis-

307 2816 398 2877 simus
426 2834 464 2874 ex
489 2812 707 2894 parochialibus
727 2811 850 2874 aedibus
871 2833 938 2873 meo
960 2822 1020 2874 tum
1042 2817 1195 2879 domicilio

307 2916 375 2991 tuit,
403 2934 476 2995 quas
503 2936 564 2977 non
590 2922 649 2975 tarn
671 2915 773 2994 templi
791 2914 888 2974 minae
908 2934 995 2994 quam
1017 2915 1104 2977 vicini
1122 2918 1193 2979 Job.

308 3015 510 3094 Goeppiugeri
537 3016 593 3076 viri
619 3016 762 3075 senatorii
788 3015 1004 3095 conflagrantes
1029 3018 1120 3079 aedes
1139 3008 1206 3079 ad(

305 3122 442 3179 versante
474 3117 559 3177 simul
594 3122 684 3176 vento
718 3116 915 3177 offendebant.
967 3118 1094 3178 Aberam
1129 3128 1191 3181 tum

305 3238 371 3298 ego,
393 3216 554 3278 amicorum
573 3216 712 3279 invisioni
732 3218 858 3279 maxime
878 3238 953 3279 vero
967 3220 1191 3296 exoptatissimo

304 3338 371 3379 meo
400 3318 441 3378 Μ.
463 3318 622 3378 Wilhelmo
643 3317 824 3379 Schickardo
852 3320 928 3379 diem
952 3339 1046 3379 unum
1066 3324 1097 3378 et
1115 3319 1189 3379 alte-

305 3439 368 3481 rum
390 3418 532 3481 tribuens.
572 3420 656 3479 Uxor
677 3438 825 3497 puerpera
845 3430 874 3478 et
894 3419 1103 3480 accedentibus
1123 3419 1190 3479 aliis

303 3521 414 3582 morbis
445 3518 582 3581 afflictior
616 3517 712 3595 iguem
744 3519 826 3597 prius
858 3519 929 3579 vidit
962 3540 1050 3598 quam
1083 3520 1190 3580 adosse
