3025 4409
528 497 710 566 lnauguratio.
744 497 838 569 Nepos
855 497 968 570 primus.
1134 505 1196 568 205

341 653 509 733 Perexigna
529 655 618 731 hujus
639 657 710 716 anni
731 663 936 718 recreamenta
952 657 1081 734 suerunt,
1101 658 1197 719 mole-

300 755 376 817 stiae
397 755 578 831 innumerae,
601 777 661 817 una
681 757 834 839 alteraque
852 756 1053 836 expatiatione
1066 759 1197 820 animum

300 858 452 934 serenavi,
474 875 543 918 cum
554 856 710 937 Esslingae
725 878 864 938 generos.
875 858 1129 921 Hohenlelderum
1148 878 1197 920 se-

299 977 370 1020 nem
396 959 555 1022 inviserem
577 962 605 1021 1.
618 961 716 1041 Sept,
746 968 777 1023 ct
796 962 950 1042 praedium
971 981 1070 1024 meum
1092 959 1197 1022 Kirch·
1250 985 1253 990 ·

299 1059 451 1139 bachium,
479 1063 563 1144 quod
587 1063 742 1143 Bietingae
767 1063 937 1143 proximum
963 1070 1025 1141 est,
1054 1063 1104 1125 25.
1118 1060 1197 1142 Aug.

299 1157 404 1224 coram
428 1164 563 1227 intuerer
593 1185 666 1227 sane
691 1185 782 1246 quam
807 1164 946 1227 bellonae
964 1164 1074 1244 injuria
1095 1163 1198 1226 desor-

298 1273 421 1328 matum.
463 1266 510 1327 Ex
530 1265 693 1346 auspicatis
712 1266 769 1328 luit
789 1266 910 1347 nepotis
937 1286 975 1329 ex
999 1266 1061 1328 filia
1080 1265 1197 1346 Agnete

299 1367 480 1445 Elisabetha,
500 1368 571 1430 mihi
585 1367 774 1449 cognominis
792 1368 898 1430 natalis
911 1371 940 1432 4.
952 1368 1039 1448 hug,
1057 1367 1198 1448 atneptis

301 1467 414 1531 Mariae
439 1468 590 1531 Barbarae
617 1470 779 1548 festivitas,
809 1489 886 1551 quae
906 1489 961 1550 per
978 1471 1128 1534 trimestre
1150 1489 1198 1532 se-

301 1571 353 1632 nio
373 1577 480 1634 nostro
501 1571 532 1632 in
554 1572 668 1634 deliciis
691 1571 772 1633 domi
794 1572 858 1634 init.
893 1571 1010 1652 Ecquid
1031 1572 1063 1632 in
1083 1571 1129 1633 rei
1149 1591 1198 1634 sa·

300 1693 370 1735 crae
398 1680 429 1736 et
444 1672 602 1735 .literariae
629 1672 795 1736 subsidium
815 1671 987 1734 libellorum
1008 1671 1197 1750 contulerim,

299 1774 332 1836 in
356 1776 527 1856 proximum
547 1796 674 1853 annum,
702 1774 754 1836 ubi
774 1773 873 1836 lucem
900 1773 1058 1850 videbunt,
1086 1774 1199 1834 resere-

300 1881 359 1937 tur.
402 1875 466 1937 Sub
487 1878 556 1938 anni
579 1880 670 1940 finem
690 1875 915 1951 heininardus,
943 1875 1105 1938 Zachariae
1127 1876 1199 1938 Gei-

302 1975 539 2058 zigkoileri²⁰⁷)
560 1978 651 2056 illius,
673 1977 724 2060 qui
740 1996 849 2057 magna
867 1975 977 2038 virtute
995 1977 1146 2038 fortunam
1159 1977 1199 2038 ad

300 2078 462 2141 immensos
488 2079 639 2141 honorum
660 2087 690 2142 et
711 2098 803 2159 opum
829 2079 940 2158 gradus
961 2076 1019 2140 sibi
1038 2078 1200 2159 propitiam

300 2179 386 2256 iecit,
413 2180 493 2244 filins
520 2187 551 2244 et
578 2181 725 2244 felicitatis
746 2181 852 2242 haeres
878 2178 990 2241 nostris
1016 2177 1108 2242 rebus
1134 2199 1200 2242 om·

300 2281 391 2344 nibus
420 2303 489 2346 cnm
514 2303 631 2346 summo
659 2281 786 2362 imperio
812 2281 982 2362 praelectus
1009 2287 1067 2353 est;
1096 2279 1199 2361 gratis,

301 2389 336 2444 ut
355 2383 395 2444 ad
414 2381 562 2464 populum
582 2384 788 2466 spargebatur,
809 2382 897 2446 nobis
918 2380 1123 2459 consulturus,
1145 2380 1201 2444 sed

302 2504 364 2565 quo
392 2485 490 2547 carius
522 2485 596 2546 nihil
621 2485 835 2562 constiturum,
867 2484 1038 2548 nasutiores
1070 2502 1200 2564 augura·

301 2584 420 2648 bantur.
464 2587 515 2648 18.
529 2585 609 2650 Nov.
629 2586 668 2648 ab
688 2587 756 2668 ipso
777 2587 914 2668 principe
934 2587 1054 2650 solenni
1068 2587 1200 2667 'inaugu-

301 2688 421 2750 ratione
433 2688 636 2768 Proprinceps
656 2689 882 2768 pronunciatus.
911 2690 978 2752 lloc
998 2687 1127 2768 primum
1147 2705 1201 2752 nc-

302 2788 366 2851 scio
389 2807 450 2870 qno
472 2789 573 2851 omine
593 2787 668 2868 egit,
695 2795 730 2851 ut
748 2807 853 2852 mensa
871 2788 1015 2870 principis
1036 2807 1105 2850 cum
1126 2806 1200 2850 con·

302 2889 447 2968 siliarios,
473 2894 537 2951 tum
557 2888 746 2952 ecclesiastes
767 2909 803 2952 ac
822 2895 941 2954 veteres
962 2907 1101 2973 quosque
1121 2889 1200 2954 fidos

301 2990 454 3054 ministros
477 2989 666 3067 excluderet,
693 2989 877 3071 inspeciem
901 2998 935 3054 ut
961 2991 1143 3056 contractius
1170 2995 1202 3054 at

301 3091 431 3172 parcius,
453 3111 488 3154 re
508 3098 609 3154 tamen
624 3109 698 3154 vera
712 3091 910 3170 licentiosius,
932 3093 1055 3158 remotis
1069 3091 1200 3168 arbitris,

301 3193 468 3270 viveretur,
496 3194 580 3277 qnod
606 3193 644 3256 ab
673 3212 711 3256 eo
732 3199 869 3276 tempore
889 3194 985 3258 luxus·
1002 3199 1032 3258 et
1052 3209 1200 3257 commes-

302 3295 435 3358 sationes
455 3295 488 3358 in
507 3314 635 3358 nervum
657 3299 857 3376 erumperent.
891 3297 966 3360 Post
978 3295 1117 3358 ordinum
1126 3309 1200 3372 pro·

301 3395 474 3458 vincialium
497 3396 618 3460 comitia
635 3394 765 3474 indicto,
796 3415 873 3479 quae
893 3397 931 3460 ab
951 3398 981 3461 8.
998 3392 1141 3460 Decemb.
1162 3391 1201 3454 ad

302 3497 353 3562 24.
373 3516 472 3580 usqne
490 3497 580 3561 Febr.
602 3497 755 3578 sequentia
784 3495 942 3576 durarunt,
969 3513 1077 3577 magno
1098 3511 1200 3558 rerum

303 3596 556 3662 emendandamm
576 3594 666 3676 biatu,
688 3595 808 3680 emeno,
830 3597 856 3662 si
877 3598 983 3679 stipem
1003 3597 1034 3660 in
1055 3593 1200 3660 ecclesiae
