3025 4409
344 445 405 509 168
610 435 693 494 Libat
708 435 753 492 w.
788 433 975 496 teto-1639.

343 592 490 670 nutam)
513 592 637 672 (less),
658 612 694 654 ae
714 591 766 654 vix
786 591 901 655 bimulo
923 590 1030 656 relicto
1049 591 1127 654 vivis
1143 611 1248 656 exces-

346 696 393 772 sit,
414 695 522 757 lestivo
543 695 684 774 puerulo,
704 701 739 757 ut
760 693 813 776 qui
832 692 903 756 dum
918 693 1012 774 patris
1027 692 1174 775 exequiae
1194 713 1249 774 pa·

346 802 466 873 rantur,
488 796 579 858 funus
600 795 747 858 arundine
768 794 860 874 longa
881 795 1077 877 obequitarit,
1100 800 1131 856 et
1150 795 1250 875 pulla-

346 898 385 961 tis
405 895 629 979 praesentibus,
658 898 786 960 maxime
811 917 886 960 vero
914 896 993 977 patri
1012 915 1081 958 meo
1102 895 1250 977 intempe-

347 1000 423 1063 stiva
443 997 596 1061 alacritate
616 999 835 1080 lachrymarum
851 997 912 1058 vim
929 997 1121 1077 expresserit.
1152 996 1250 1078 Cujus

347 1101 437 1163 ctiam
461 1100 655 1176 recordatus,
688 1105 849 1180 postquam
875 1098 967 1160 vidua
992 1105 1087 1160 mater
1113 1098 1250 1180 dispares

347 1201 467 1282 nuptias
487 1201 616 1281 primum
634 1221 703 1262 oum
721 1198 931 1276 serrario¹⁸⁴)
947 1198 1000 1260 vili
1014 1199 1120 1279 capite,
1142 1207 1251 1280 postea

349 1301 506 1364 scriniario
523 1300 658 1363 melioris
672 1302 768 1363 lamae
780 1299 1016 1382 praecipitasset,
1033 1306 1124 1382 atque
1137 1299 1249 1383 inipso

349 1402 484 1484 sponsali
498 1403 598 1480 thoro,
615 1422 677 1483 quo
694 1405 756 1466 lato
774 1401 969 1481 incognitum,
987 1401 1088 1464 subito
1102 1421 1250 1482 oppressa

350 1509 446 1576 esset;
469 1502 551 1564 omui
572 1503 738 1568 substantia
760 1523 878 1580 eversa,
900 1521 1028 1582 puerum
1049 1502 1088 1564 ad
1108 1522 1142 1564 se
1163 1523 1249 1566 rece-

348 1606 393 1688 pit
414 1610 444 1668 et
463 1605 530 1685 pari
549 1605 708 1668 nobiscum
728 1606 825 1682 victu,
852 1604 962 1666 amictu
984 1609 1013 1665 et
1033 1602 1145 1683 ingenii
1166 1605 1250 1668 cultu

348 1727 405 1788 per
426 1707 603 1770 sexennium
623 1707 779 1784 sustinuit,
804 1726 868 1768 non
888 1704 1023 1785 vulgaria
1044 1705 1082 1766 de
1104 1725 1138 1768 se
1158 1706 1249 1787 polli-

350 1815 467 1871 centem
488 1816 519 1871 et
537 1810 601 1872 oris
621 1815 778 1872 venustate
799 1815 959 1890 utrumque
980 1812 1150 1886 parentem,
1171 1809 1248 1870 hanc

349 1917 449 1972 tamen
475 1911 563 1974 etiam
590 1932 682 1993 supra
707 1912 860 1973 fortunam
886 1906 1046 1972 insolentia
1072 1915 1103 1969 et
1127 1908 1249 1986 majori-

348 2011 422 2089 bus,
444 2031 534 2093 quam
554 2013 635 2076 vires
657 2019 775 2084 essent,
804 2009 928 2072 ausibus
949 2009 1137 2072 referentem.
1181 2011 1250 2072 Vita
1357 2021 1358 2062 l

350 2113 454 2176 luncto
476 2122 562 2194 patre
582 2135 661 2190 meo,
681 2119 776 2175 mater
797 2132 899 2174 secum
921 2131 989 2174 cum
1009 2111 1119 2174 familia
1136 2112 1250 2176 Tubin·

350 2235 418 2295 gam
448 2216 594 2279 conduxit
619 2222 649 2277 et
675 2215 783 2277 eodem
812 2234 873 2296 quo
901 2220 970 2276 ente
998 2212 1069 2278 loco
1090 2215 1251 2280 nobiscum

349 2319 461 2382 babuit.
482 2317 557 2381 Inde
568 2317 723 2397 perpetuis
736 2315 1049 2380 commendationibus
1063 2317 1193 2397 primum
1206 2320 1249 2380 le·
1358 2393 1359 2396 Ἴ

241 2462 244 2471 ·
351 2418 649 2496 mulitio¹⁶⁵)illust.
658 2418 798 2499 stipendii
809 2417 945 2497 subjecit,
958 2424 1065 2498 postea
1077 2419 1166 2482 etiem
1175 2421 1249 2502 ipsis

351 2521 479 2584 alumnis
495 2521 631 2598 inseruit,
650 2521 688 2582 ad
709 2520 879 2583 studiorum
900 2539 1044 2584 ascensus
1066 2526 1096 2582 et
1115 2523 1249 2588 honores

351 2624 479 2704 adjuvit,
507 2622 653 2686 ecclesiae
679 2621 790 2685 muniis
811 2622 995 2701 conciliavit,
1023 2624 1135 2704 nuptiis
1162 2626 1250 2690 etiam

352 2726 463 2806 optatis
490 2744 528 2786 ex
550 2725 726 2808 Seuteriena
747 2724 870 2801 familia,
897 2746 1026 2807 quacum
1052 2732 1134 2790 arcta
1160 2728 1250 2792 nobis

351 2827 544 2890 necessitudo
565 2833 643 2904 erat,
670 2827 835 2890 coronavit.
884 2827 963 2890 Satis
984 2827 1015 2890 in
1034 2847 1179 2908 praesens
1200 2851 1249 2892 re-

352 2928 471 2993 stitutae
491 2930 630 2991 fortunae
649 2929 815 3006 videbatur,
837 2949 906 2991 enm
926 2930 1005 2991 forte
1026 2929 1156 2994 oblatam
1172 2933 1249 2994 ller-

351 3031 430 3094 nalsi
450 3031 482 3092 in
502 3029 646 3094 inferiore
666 3032 789 3094 Austris
810 3032 996 3096 functionem
1016 3032 1249 3098 eeclesiasticam

351 3131 523 3215 amplexus,
545 3131 653 3196 relicto
674 3134 931 3214 Deckenplrundo
945 3131 1032 3213 ¹⁶⁶),
1062 3153 1100 3197 eo
1122 3144 1248 3200 eonten-

353 3235 405 3312 dit,
426 3253 588 3316 rerumque
609 3254 738 3314 suarum,
762 3255 821 3318 qua
840 3235 969 3300 docendi
984 3237 1168 3317 dexteritate,
1189 3260 1249 3322 qua

351 3355 472 3401 morum
488 3336 675 3415 amabilitate,
699 3343 847 3418 satagens,
870 3357 920 3402 res
942 3359 1012 3404 suas
1033 3340 1113 3404 baud
1132 3342 1247 3405 medio-

234 3483 241 3494 .
352 3440 443 3504 criter
470 3439 553 3504 auxit
578 3450 608 3501 et
635 3439 763 3502 familiae
783 3440 935 3504 fortunam
958 3441 1047 3506 facile
1073 3449 1120 3506 est
1140 3465 1247 3527 super-

352 3560 484 3621 gressus.
516 3541 629 3622 ⁸Amisit
654 3548 752 3606 tamen
773 3541 815 3605 ibi
836 3544 962 3625 primam
983 3546 1151 3626 conjugem,
1172 3547 1247 3610 alte·
1303 3595 1305 3602 .
