3025 4409
349 497 411 557 115
618 485 699 538 biber
714 485 756 539 ΙΙΙ.
794 485 976 542 runo-1630.

349 641 542 708 bernhardus
564 640 670 700 Unfrid
697 639 864 703 studiorum
892 661 1051 705 consensu.
1097 645 1246 706 Patronus

350 741 541 826 opportunus
567 742 710 802 Erasmus
731 743 940 822 Griiningerus
966 743 1118 822 apparuit,
1149 744 1246 806 fauto-

350 865 399 908 res
420 843 527 907 summi
546 842 658 920 Georg.
674 842 802 903 Aeacius
821 843 1004 904 Eneukeiius
1025 851 1055 903 et
1074 845 1247 906 budovicus

349 942 577 1017 notentetder„
610 961 688 1022 quos
715 963 797 1022 pone
826 943 921 1004 secuti
947 942 1125 1004 Wilhelurus
1152 948 1245 1005 Wen-

348 1050 427 1121 sius,
461 1046 530 1106 Joh.
556 1043 705 1103 Henricus
733 1042 966 1122 Offeuburgius,
1000 1045 1156 1120 Beujamin
1183 1047 1245 1106 Bu-

347 1146 541 1226 bingbeusius
556 1150 586 1203 et
600 1143 780 1222 Wolffgeng.
797 1144 860 1204 Jac.
877 1144 1051 1204 Poemerus.
1068 1146 1245 1206 Beneficen-

348 1251 388 1310 tia
405 1246 611 1308 sustinuerunt
630 1243 778 1304 Henricus
799 1243 993 1322 Wellingius,
1013 1245 1081 1304 Joh.
1099 1245 1163 1305 Jac.
1184 1246 1244 1305 Eu·-

349 1347 472 1430 gelbard
494 1356 523 1405 et
544 1342 782 1423 christophorus
799 1344 1001 1414 Demmlerus;
1025 1363 1157 1405 summae
1173 1345 1243 1405 fidei

349 1447 528 1509 Wiibelmus
542 1445 714 1505 bodonicus
727 1445 988 1520 Francouroutius,
1006 1444 1168 1506 Conradus
1183 1448 1242 1506 Ba-

344 1553 432 1628 jerus
459 1553 489 1606 et
512 1545 581 1604 Job.
602 1544 769 1605 Saubertus
791 1545 925 1606 extitere.
967 1545 1119 1606 Erhardus
1141 1546 1242 1606 Mach-

348 1649 442 1728 tolpb.
453 1647 486 1706 iu
500 1664 618 1706 summo
630 1644 714 1718 mari,
730 1643 966 1724 Christophorus
982 1644 1153 1707 Leibnizius
1165 1647 1243 1708 inter

348 1748 493 1829 scopulos
514 1754 544 1807 et
562 1746 632 1806 Joh.
643 1746 749 1807 Jacob.
767 1747 887 1808 Heiuliu
900 1745 969 1822 ¹¹⁵)
992 1765 1028 1806 ex
1050 1746 1150 1806 littore
1171 1767 1242 1810 can-

348 1872 411 1915 sam
429 1847 541 1911 Christi
560 1863 678 1906 mecum
699 1854 832 1926 egerunt.
865 1845 983 1922 Quibus
1004 1845 1151 1908 solvendo
1173 1869 1241 1909 oum

346 1952 517 2032 neutiquam
539 1948 604 2022 sim,
625 1946 792 2026 meipsum
814 1947 923 2007 debere
939 1947 1068 2026 ingenue
1085 1947 1241 2027 profiteor.

346 2051 504 2116 Aemulum
525 2049 580 2109 tuli
600 2050 744 2107 Thomam
766 2046 905 2106 bensium
919 2045 926 2080 ¹
940 2047 1005 2124 ¹⁶),
1027 2048 1108 2108 nulla
1129 2047 1241 2111 utrius·

346 2149 408 2237 que
427 2150 530 2228 culpa,
558 2155 671 2208 tontum
699 2165 737 2207 ex
759 2145 906 2206 Hoelzelii
928 2147 1070 2219 amicitia;
1099 2149 1240 2212 adversa-

346 2256 409 2318 rios
424 2256 567 2330 expertus
581 2247 775 2308 Theodorum
793 2246 978 2308 Tbuurmium
993 2255 1023 2309 et
1038 2249 1149 2310 Lucam
1169 2249 1240 2311 Osi-

346 2355 472 2416 audrum
499 2346 809 2427 politico-theologos
827 2345 913 2424 ¹¹⁷),
941 2356 1136 2428 corrupturus
1163 2350 1239 2410 indi·

346 2473 424 2535 gnos
445 2448 566 2510 nomine
586 2446 692 2506 babeo.
729 2448 814 2506 Bene
835 2447 971 2528 maleque
991 2449 1156 2511 volentium
1177 2469 1240 2510 ma-

345 2573 422 2636 guus
438 2561 485 2612 est
498 2565 656 2608 uumerus:
672 2547 893 2609 recreatiouurn
909 2555 938 2610 et
948 2550 1151 2611 molestiarum
1164 2561 1238 2612 tem-

343 2661 557 2737 peramentum.
594 2645 723 2726 Optimis
743 2649 832 2725 hujus
852 2648 1025 2727 provinciae
1045 2649 1163 2712 familiis
1184 2651 1238 2712 im-

344 2755 455 2818 mixtus
476 2749 575 2824 didici,
595 2747 673 2807 bene
693 2748 772 2810 velie
794 2767 863 2825 eos,
886 2747 937 2828 qui
953 2768 1015 2810 non
1030 2750 1107 2812 male
1121 2751 1238 2828 volunt,

343 2856 423 2920 velle
443 2851 587 2931 nolleque
606 2847 752 2927 plurimos
766 2867 822 2910 nec
836 2867 945 2928 posse,
966 2869 1066 2910 rerum
1081 2851 1239 2914 intervalla

346 2966 376 3018 et
395 2956 479 3017 vices
504 2948 666 3031 plurimum
690 2955 814 3010 mutare.
857 2949 990 3010 Invidiae
1017 2959 1047 3012 et
1073 2951 1237 3014 calumniae

343 3059 402 3118 boc
414 3051 615 3136 gratensem,
635 3055 670 3111 ut
681 3055 823 3130 quantum
841 3048 922 3110 domi
939 3050 1105 3126 nocuerint,
1123 3059 1237 3115 butum

343 3155 513 3237 profuerint
529 3153 606 3215 ioris
632 3152 746 3212 interea
766 3167 889 3227 precum
915 3149 993 3211 iuter
1021 3157 1050 3212 et
1077 3153 1237 3214 couscien-

341 3257 402 3320 tiae
421 3254 598 3317 auxietatem
619 3250 793 3314 constricto.
826 3249 870 3308 lta
884 3252 1014 3326 majores
1028 3251 1087 3312 mei
1108 3258 1138 3312 et
1158 3271 1236 3332 quos

342 3375 474 3440 unquam
498 3354 628 3434 cognovi
654 3353 770 3424 bonos,
802 3348 891 3410 vitam
922 3368 1029 3412 causae
1058 3350 1237 3414 christianae

342 3459 468 3522 feliciter
487 3455 710 3536 impenderunt,
739 3449 860 3530 probris
880 3469 898 3510 a
918 3450 1143 3529 praesentibus,
1168 3452 1234 3514 lau-

342 3560 429 3622 dibus
449 3555 614 3620 absentium
637 3560 666 3614 et
687 3551 869 3632 posteritatis
885 3550 974 3628 juxta
995 3551 1144 3616 cumulati.
