3025 4409
409 495 586 551 {latenrelieri
603 500 731 549 constans
750 508 815 563 erga
832 494 913 550 Andr.
932 511 1016 549 amor.
1115 504 1155 561 49

266 663 384 735 pergat,
417 655 543 715 devotae
574 654 822 733 comprecationis
851 672 924 733 ergo
957 654 1035 713 hunc
1065 652 1151 713 libel-

143 822 144 831 ,
265 755 326 817 lum
354 756 440 817 offert

757 853 894 915 Matthias
919 852 1108 926 llalenreffer,

796 954 844 1013 die
865 973 926 1033 quo
948 973 1046 1033 supra.

348 1057 376 1117 3.
419 1054 616 1135 Horologium
637 1053 874 1134 principum⁷⁶).

308 1156 490 1218 Doctissinro
505 1154 612 1233 pietate
624 1160 653 1215 et
671 1156 805 1218 doctrina
817 1155 1069 1236 praestantissimo
1083 1156 1148 1218 viro

265 1258 388 1318 domino
419 1258 460 1319 Μ.
487 1256 615 1316 Johanni
646 1254 806 1319 Valentino
838 1256 975 1317 Andreae
1008 1245 1093 1318 affini
1121 1267 1150 1320 et

266 1358 350 1419 fratri
378 1378 434 1419 suo
462 1355 649 1431 charissimo,
682 1376 749 1417 oum
775 1356 869 1417 avitae
894 1363 1094 1440 paternaeque
1118 1360 1148 1421 in

267 1479 300 1519 se
327 1460 503 1519 Andreanae
528 1456 716 1537 benignitatis
749 1463 779 1517 et
809 1455 1036 1519 benevolentiae
1067 1468 1149 1540 grata

266 1560 408 1621 memoria
434 1559 464 1618 in
491 1557 538 1620 sui
558 1556 728 1617 memoriam
751 1564 781 1617 ct
801 1558 876 1637 grati
896 1558 985 1620 animi
1008 1561 1147 1623 testifica-

265 1661 376 1722 tionem
405 1658 491 1719 offert
1189 1678 1191 1682 ·

758 1756 895 1817 Matthias
915 1758 1107 1839 Halenreffer,

817 1857 846 1918 8.
860 1855 948 1917 Febr.
963 1859 1051 1919 1612.

347 1965 376 2021 4.
419 1959 574 2039 Templum
594 1956 759 2019 Ezechielis
778 1976 874 2017 suum.

308 2063 488 2123 Venerando
515 2060 623 2140 pietate
649 2065 678 2119 et
705 2056 840 2119 doctrina
867 2058 1028 2137 praestanti
1042 2060 1148 2136 juveni

265 2163 346 2239 viro,
371 2164 441 2223 dno.
463 2162 503 2224 M.
526 2161 594 2221 Joh.
611 2158 771 2220 Valentino
796 2156 933 2220 Andreae
966 2179 1028 2221 rev.
1054 2166 1084 2221 et
1108 2162 1146 2225 ol.

265 2263 322 2323 viri
333 2262 391 2325 dm.
399 2263 466 2323 Joh.
477 2260 590 2333 abbatis
600 2258 810 2339 Regiolontani
820 2259 982 2339 dignissimi
994 2260 1054 2323 dni.
1065 2281 1147 2323 com-

265 2362 358 2443 patris
378 2362 436 2423 mei
457 2360 623 2423 honorandi
644 2367 673 2420 et
693 2359 856 2420 charissimi
867 2359 940 2435 filio,
956 2362 1054 2440 magni
1066 2362 1147 2426 illius

265 2464 399 2544 theologi
416 2461 521 2524 Jacobi
535 2458 702 2521 cancellarii
723 2466 752 2521 et
767 2460 947 2539 professoris
968 2462 998 2541 in
1018 2464 1147 2528 academ.

265 2563 393 2643 Tubing.
414 2560 598 2624 celeberrimi
618 2579 674 2621 uec
694 2578 756 2620 non
773 2558 916 2621 ecclesiae
933 2560 1042 2623 ibidem
1060 2584 1148 2643 prae·
1243 2621 1246 2627 .

265 2664 357 2744 positi
385 2661 599 2743 vigilantissimi
625 2659 740 2740 nepoti,
773 2659 916 2722 ecclesiae
941 2662 1148 2744 Vaihiugeusis

266 2766 395 2827 diacono
417 2762 605 2840 fidelissimo,
633 2761 663 2821 in
689 2760 832 2823 amicitiae
853 2768 883 2823 et
902 2762 1051 2825 affinitatis
1071 2785 1148 2844 sym-

265 2865 368 2928 bolum
404 2866 460 2925 hoo
496 2864 636 2942 templum
670 2861 835 2923 Ezechielis
868 2866 1148 2928 commentariorum

249 2970 371 3029 'auctor
397 2966 483 3027 offert

648 3062 785 3126 Matthias
804 3062 988 3124 Halenreller
1006 3067 1044 3127 D.

558 3185 586 3244 p.
600 3173 619 3227 t.
633 3165 715 3227 acad.
728 3164 901 3226 Rectordll.
913 3162 1046 3245 Aprile.
1059 3166 1148 3234 1614.

348 3266 377 3324 5.
417 3263 636 3326 Testamentum
657 3263 910 3327 Graeco-latinum
930 3286 1025 3329 suum

307 3363 420 3425 Pietate
441 3364 607 3426 eruditione
622 3371 652 3425 et
668 3364 802 3426 doctrina
815 3367 1067 3444 praestantissimo
1082 3369 1148 3430 viro

265 3464 481 3526 dom.Johanni
488 3465 647 3527 Valentino
658 3464 805 3541 Andreae,
817 3466 961 3528 ecclesiae
969 3470 1149 3548 Vaihingen-

263 3565 306 3627 sis
327 3564 455 3627 diacono
477 3566 658 3645 fidelissimo,
681 3567 750 3629 dno.
763 3565 858 3629 amico
876 3567 956 3629 alfini
975 3577 1005 3630 et
1021 3570 1051 3631 in
1063 3569 1151 3632 Chri·

983 3671 1001 3726 l
