3025 4409
570 508 686 559 Summe.
722 503 896 574 Genealogia.
1111 514 1168 574 221

280 662 529 742 durnDnttlingae
541 667 589 724 14.
602 661 827 737 Novemb.²³³)
839 681 898 722 rum
916 681 1006 722 cavea
1024 664 1169 741 conclusi,

225 740 231 754 ⁹
278 764 383 841 primis
396 764 542 841 capitibus
556 763 586 822 in
605 783 755 823 carcerem
774 763 870 822 ductis
882 760 964 834 234),
986 763 1091 838 tulere,
1114 785 1170 826 no-

277 865 367 923 minis
383 862 501 922 inlamia
516 863 676 923 indelebili.
711 865 771 924 Sed
791 869 820 922 et
835 862 972 923 Sauberti
988 865 1045 924 mei
1059 865 1168 925 luctam

276 985 346 1023 cum
365 964 606 1042 Pintippophitis,
625 965 795 1045 Apap²³⁶l
813 965 1001 1038 satellitibus,
1023 964 1073 1044 qui
1092 985 1169 1026 uun-

276 1085 366 1145 quam
378 1065 508 1125 Lutbero
529 1065 589 1138 fidi,
612 1085 763 1146 nunqnam
778 1087 795 1125 a
813 1065 958 1126 muriculis
976 1064 1168 1141 abstinentes

276 1167 356 1225 iuter
376 1166 501 1225 molesta
518 1168 743 1227 numeraverim.
779 1166 836 1227 (lui
852 1165 1008 1226 consilinm
1032 1174 1166 1227 nostrum

277 1266 484 1351 opposuimus,
508 1265 646 1326 siminus
667 1268 861 1347 expellendis,
880 1266 982 1326 saltem
998 1267 1168 1327 territandis

277 1367 418 1445 vulpibus
440 1385 477 1424 ex
497 1366 557 1425 lide
581 1376 684 1427 nostra
712 1369 852 1428 debitum.
901 1366 1042 1428 Literaria
1069 1367 1165 1428 lucem

277 1469 441 1546 perexigua
458 1468 606 1542 viderunt,
625 1468 746 1528 Summa
763 1489 804 1529 sc.
817 1469 970 1546 religionis
992 1469 1167 1530 christianae

278 1567 442 1647 trigemina,
465 1567 513 1627 cui
534 1567 726 1646 splendorem
748 1570 875 1646 Augusti
897 1569 1039 1647 praelatio
1062 1579 1167 1631 contu-

277 1669 327 1743 lit,
357 1675 387 1728 et
407 1668 591 1746 Genealogia
610 1669 736 1728 familiae
762 1689 859 1744 meae,
890 1689 976 1748 quam
1004 1669 1167 1731 liberorum

261 1789 415 1832 .meorum
442 1769 657 1843 informationi,
690 1769 772 1848 quod
799 1789 876 1829 rinus
898 1770 975 1829 inter
995 1777 1040 1830 tot
1061 1773 1169 1850 deper-

279 1871 339 1929 dita
352 1877 381 1929 ct
399 1870 491 1929 oblita
504 1879 648 1948 poteram,
665 1869 742 1931 dedi.
776 1867 1066 1942 Arrii-Forero²³⁶)
1082 1873 1167 1932 etiam

278 1970 444 2033 llaeNicolai
454 1971 550 2030 nostri
565 1969 750 2048 perficiendo
764 1970 853 2029 fidam
866 1987 987 2047 operam
1002 1976 1031 2029 et
1043 1969 1169 2049 diligen-

278 2078 338 2130 tem
352 2070 512 2131 lectionem
531 2069 653 2130 contuli.
686 2069 814 2130 Comitia
834 2069 1028 2149 provincialia
1047 2070 1075 2131 5.
1089 2071 1168 2132 Nov.

279 2179 396 2249 coepta,
419 2179 448 2231 et
468 2172 497 2230 in
518 2170 657 2230 Martium
676 2171 829 2250 sequentis
847 2171 916 2230 aum
928 2173 992 2249 'per
1013 2171 1168 2232 intervalla

278 2277 445 2350 protracta,
470 2271 541 2351 quid
559 2270 650 2330 rebus
668 2263 930 2332 calamitosissimis
948 2271 1070 2330 remedii
1088 2279 1166 2332 attu-

278 2371 377 2445 lerint,
400 2372 464 2432 dies
482 2371 610 2432 docebit.
640 2370 795 2449 Hospitem
806 2371 895 2432 habui
911 2371 1069 2432 Martinum
1085 2375 1166 2433 Hen-

278 2473 374 2532 ricnm
386 2472 485 2547 Bajeri
507 2472 564 2531 mei
586 2471 678 2530 filium
700 2473 749 2532 24.
768 2472 858 2546 imni,
882 2473 1044 2552 Argentina
1065 2493 1081 2534 a
1103 2494 1167 2536 mo-

277 2593 351 2634 roso
370 2574 544 2651 paedagogo
556 2571 705 2644 Maeonio,
722 2569 901 2654 Orbilioluel
920 2573 1046 2652 plagoso
1063 2577 1168 2653 prolo-

277 2693 356 2750 gum,
372 2693 428 2750 per
437 2672 657 2752 sesquimestre‚
669 2671 900 2749 placidissimum
910 2675 1061 2749 juvenem,
1078 2696 1166 2754 quem

279 2779 307 2834 1.
320 2775 403 2852 Sept.
415 2773 578 2850 Tubingam
589 2771 732 2849 ablegari.
762 2773 963 2834 Salutavit29.
981 2776 1053 2852 Apr.
1069 2775 1167 2836 Geor-

278 2875 344 2953 gius
357 2873 476 2934 Ulricns
498 2874 623 2952 Philippi
643 2872 815 2932 Heinboleri
836 2874 894 2933 mei
914 2873 1002 2948 filins,
1024 2875 1168 2938 amicitiae

277 2981 419 3054 paternae
432 2975 575 3037 aemulus.
609 2974 719 3033 doann.
737 2973 853 3034 Sebast.
871 2974 981 3034 Trescb
1001 2974 1029 3033 in
1049 2976 1166 3038 famuli-

278 3076 349 3135 tium
364 3075 475 3135 adscivi
493 3077 522 3135 t.
536 3073 623 3133 Febr.
643 3073 743 3133 Liceat
762 3059 847 3133 etiam
869 3073 959 3134 rebus
974 3074 1167 3139 familiaribus

276 3177 387 3236 addere
399 3175 523 3235 catellos
536 3175 613 3234 dnos
624 3173 859 3248 delicatissimos,
873 3173 1037 3234 Corculum
1049 3187 1078 3238 et
1090 3179 1166 3239 For-

276 3284 422 3348 tunatam,
450 3274 592 3353 elegantis
615 3274 728 3333 formae
753 3273 790 3332 ab
812 3273 993 3334 Heinbolero
1015 3277 1044 3335 in
1066 3277 1164 3339 locum

276 3375 449 3436 adamantis
472 3375 529 3434 mei
556 3373 655 3434 catelli
680 3373 815 3434 fidissimi
842 3374 927 3452 lapsu
949 3375 1057 3454 perditi
1084 3377 1165 3437 dono

277 3477 378 3550 datos,
401 3475 509 3555 quibus
530 3494 654 3548 annum,
683 3494 744 3554 quo
768 3475 898 3535 muneris
921 3475 1113 3536 ecclesiastici
1135 3486 1165 3537 et

275 3576 454 3638 uratrimouii
471 3575 652 3653 trigesimum
665 3558 795 3652 attigiet
815 3575 951 3636 festivum
967 3575 1032 3650 ieci,
1054 3576 1162 3639 liniam.
