3025 4409
562 529 738 588 Praodtolam
757 535 879 605 paratur.
1116 541 1176 604 195

269 685 369 746 fratris
382 685 526 765 principis
542 686 710 750 Eberhardi
736 690 786 750 12.
806 691 880 752 Dec.
900 689 1059 768 supplevit,
1083 711 1172 772 quem

269 787 409 850 Christus
437 788 495 850 sibi
520 791 550 851 1.
567 791 635 853 Jan.
663 791 809 852 insertum
834 791 885 852 diu
918 790 1061 870 sospitem
1089 792 1171 854 velit.

267 889 407 952 Accessit
434 890 601 953 mitristerio
622 911 729 972 magna
749 891 868 953 virtutis
895 891 1006 952 dudum
1027 893 1171 970 probatae

268 993 479 1074 expectatione
504 994 552 1056 do.
566 993 683 1074 Caspar
699 993 967 1056 berchoulelderus
987 991 1170 1075 Napnrgius,

268 1115 405 1158 camerae
433 1096 497 1158 sive
526 1103 705 1178 quaesturae
733 1097 913 1176 praefectus,
955 1094 1097 1175 Hospites
1117 1097 1170 1158 lra-

266 1197 331 1260 buit
343 1198 435 1261 Willr.
446 1198 576 1261 Badens.
594 1199 809 1275 Marchiouem,
828 1196 1055 1278 Leuclrtenberg
1069 1199 1169 1262 Laud-

266 1318 348 1378 grav.
368 1320 438 1361 eum
459 1301 589 1381 conjuge
609 1299 826 1363 llelsensteinia
851 1297 975 1375 comite,
1002 1299 1169 1380 principem

267 1399 422 1463 Holsatam
436 1402 685 1465 JuliiWiirtemb.
702 1403 823 1465 viduam
841 1422 910 1464 cum
927 1399 1038 1466 illustri
1055 1402 1168 1466 utrius-

266 1521 326 1583 que
343 1523 436 1567 sexus
449 1504 547 1586 prole,
566 1504 714 1568 Jacobum
724 1504 883 1586 Rappolst.
899 1504 1065 1584 dynastam,
1086 1506 1167 1584 ejus-

266 1623 326 1685 que
355 1606 515 1687 conjugem
539 1607 630 1670 berae
650 1618 774 1670 nostrae
796 1605 958 1686 sororem,¹
978 1613 1100 1689 praeter
1119 1609 1166 1672 iu-

264 1705 385 1770 ferioris
412 1710 502 1773 sortis
527 1709 614 1774 alios.
667 1710 731 1772 Res
751 1708 904 1771 familiaris
932 1728 1081 1790 suspenso
1115 1710 1167 1774 diu

263 1808 444 1892 tandemque
469 1811 570 1874 amiso
597 1810 747 1890 stipendio
774 1811 813 1872 ad
842 1809 948 1872 incitas
974 1831 1072 1892 prope
1098 1818 1165 1875 acta

264 1917 326 1988 est,
347 1913 535 1992 paucissimis
556 1912 760 1990 munusculiS,
790 1933 807 1974 e
835 1911 943 1994 quibus
963 1913 1054 1976 horae
1080 1913 1164 1993 prin·

265 2011 339 2092 cipis
370 2016 515 2096 poculum
547 2021 578 2076 et
601 2014 692 2077 trium
716 2013 967 2095 Wirtembsrgiae
994 2013 1164 2078 Gratiarum

258 2116 355 2196 jaspis
384 2119 497 2180 affabre
528 2115 660 2196 sculpta,
699 2116 843 2194 eminent,
877 2117 1032 2180 lurcillata.
1079 2116 1162 2184 Frid.

263 2215 428 2282 Gasimirus
450 2219 635 2300 Canolzgius
659 2219 707 2280 vir
732 2218 844 2281 nobilis
870 2219 1050 2280 testudinem
1071 2218 1162 2282 ebur·

261 2337 349 2381 neam
370 2320 452 2384 douo
474 2319 564 2400 dedit,
586 2320 627 2383 ob
647 2319 679 2381 id
688 2339 752 2382 non
763 2321 1010 2402 praetereundus.
1043 2321 1160 2384 Pueros

261 2426 362 2484 umen
381 2423 413 2485 iu
433 2423 556 2486 barbam
576 2422 622 2484 rei
640 2421 790 2483 literariae
810 2422 892 2485 domi
912 2422 973 2484 alui
992 2423 1161 2486 Erbardum

260 2523 487 2607 biaohtolplrum
515 2522 702 2602 adFebr„
729 2524 898 2587 iohannem
924 2525 1160 2606 Ergezingerum

261 2626 343 2689 afli.
355 2628 436 2705 Oct,
448 2623 635 2690 etFrideric.
645 2623 802 2688 Heliorum
822 2647 840 2688 a
861 2627 1059 2702 u.1)acemb.;
1073 2627 1160 2690 illum

261 2728 382 2810 quidem
400 2737 544 2812 paternae
564 2725 709 2788 amicitiae
728 2727 839 2790 intuitu
859 2727 964 2808 gratis,
992 2729 1049 2790 hos
1076 2731 1160 2792 tenui

259 2831 374 2910 precio.
407 2831 520 2894 Amicis
541 2847 610 2912 ope,
630 2829 814 2910 pauperibus
836 2829 922 2910 stipe,
944 2831 1045 2912 quoad
1063 2831 1158 2912 licuit,

259 2931 348 2996 adfui.
375 2931 491 2997 Addam
506 2933 645 3015 denique,
659 2932 742 3014 quod
761 2931 810 2993 vel
826 2932 1001 2994 Democrito
1013 2932 1157 3014 splenem,

258 3032 309 3096 val
325 3034 493 3118 lloraolyto
521 3036 683 3116 lacrymas,
709 3033 761 3097 vel
780 3033 887 3096 Momo
912 3033 1002 3096 bilem
1029 3042 1157 3100 moveat.

258 3134 503 3216 trudam)
529 3138 604 3215 emi,
637 3135 686 3198 cui
712 3153 824 3198 nomen
850 3135 1104 3216 Kiircirpaohinm,
1139 3157 1158 3200 e

257 3236 373 3316 patriae
392 3238 489 3303 ruinis
509 3237 542 3300 in
572 3258 659 3320 spem
682 3237 786 3318 potius
811 3237 1016 3301 renascituros
1041 3237 1156 3316 salutis,

258 3355 349 3421 qoam
376 3340 529 3420 praesenti
556 3340 621 3403 ullo
651 3357 710 3402 usu
740 3339 802 3400 137
836 3359 904 3402 oum
938 3339 1063 3402 cerealis
1092 3347 1157 3402 tum

256 3441 364 3522 pascui
384 3444 463 3524 agri,
485 3443 628 3522 jugerum
648 3459 709 3502 una
730 3459 799 3502 cnm
819 3439 891 3502 villa
912 3447 942 3502 et
962 3441 1080 3524 gemino
1100 3460 1157 3522 po-

256 3541 354 3604 mario
375 3541 439 3607 28⁰
459 3544 584 3607 florenis
604 3542 822 3623 praesentibus.
862 3541 933 3604 Fuit
951 3542 983 3606 id
1005 3543 1156 3625 quondam

257 3641 437 3707 Sebastiano
463 3640 738 3722 llornmoldo¹⁹⁹)
766 3639 961 3721 Bietiqlroimii
992 3643 1155 3724 praelecto,

936 3733 958 3781 a
1024 3779 1026 3786 Α
