3025 4409
318 496 358 555 52
590 485 672 539 biber
688 486 719 539 ll.
755 484 941 540 tun-1620.
984 511 986 514 ·

318 664 409 724 snper
436 643 554 704 Martini
583 642 684 703 Crusii
713 644 870 705 annalibus
896 650 926 704 et
951 644 1019 706 Joh.
1048 646 1219 707 Brotbeccii

318 766 353 807 ac
373 744 507 806 Oswaldi
532 743 749 804 Gabelchoveri
771 746 991 806 commentariis
1016 746 1046 805 in
1067 747 1217 825 epitomen

317 846 419 925 redegi
441 852 471 905 et
491 864 590 904 rerum
609 852 822 904 anteactarum
836 847 1007 905 memoriam
1020 847 1049 905 in
1065 868 1138 908 nsns
1152 855 1217 907 tan-

318 957 382 1009 tum
404 964 487 1005 meos
509 945 658 1004 revocavi.
696 945 776 1021 Quin
794 952 823 1005 et
834 946 967 1023 privatae
978 948 1145 1022 juventutis
1162 966 1222 1013 uo<

318 1049 387 1109 bilis
410 1056 440 1108 ct
460 1065 537 1126 quos
559 1046 640 1105 domi
654 1045 798 1105 habebam
817 1046 1024 1107 convictorum
1037 1050 1106 1109 ton.
1118 1049 1216 1109 Wolf-

324 1150 410 1229 gangi
433 1146 595 1225 htloegliugi
618 1153 647 1205 et
667 1147 795 1205 Jolranrr.
819 1146 952 1207 Conradi
973 1150 1088 1222 Bnhlii,
1109 1169 1144 1208 ac
1166 1150 1217 1229 qui

321 1257 386 1311 toto
408 1246 554 1307 decennio
577 1266 692 1305 mecum
714 1246 769 1306 snit
790 1267 827 1305 ex
845 1248 936 1308 lratrc
952 1270 1058 1327 nepos,
1078 1250 1147 1310 Joh.
1161 1251 1216 1310 Jo-

322 1369 394 1411 suae
415 1348 569 1421 Andreae,
597 1346 789 1420 institutioni,
818 1348 960 1428 quicquid
986 1350 1126 1410 succisivi
1152 1351 1215 1416 luit.

320 1450 459 1529 impendi.
492 1448 539 1507 Ne
554 1455 650 1507 tamen
663 1446 776 1527 absque
794 1449 986 1509 condimento
999 1451 1059 1510 vita
1070 1452 1216 1529 praeteri-

321 1560 375 1625 ret,
397 1548 541 1611 amicitiae
558 1548 602 1608 sal
618 1547 745 1610 adhibui.
778 1547 824 1608 Αο
839 1552 978 1628 superior
993 1550 1112 1630 quidem
1128 1571 1216 1629 prae-

321 1654 417 1712 fectus
440 1650 619 1712 Franciscus
648 1648 778 1709 Zornins
801 1650 961 1711 Bulachius
990 1652 1123 1729 impense
1146 1652 1215 1712 mihi

304 1756 407 1829 piavit,
445 1752 496 1833 qui
525 1752 611 1813 etiam
640 1751 719 1811 filios
744 1757 778 1811 ut
797 1751 889 1830 paulo
916 1759 984 1811 aute
1006 1752 1081 1826 dixi,
1114 1753 1215 1813 Ludo-

322 1856 436 1927 vioum‚
468 1853 675 1913 Sebastianum
698 1860 727 1911 et
747 1850 907 1913 Nicolaum
929 1852 1109 1913 erudiendos
1131 1872 1215 1913 com-

258 1975 259 1978 ’
320 1956 409 2016 misit.
450 1952 609 2013 Caeterum
630 1953 724 2013 instar
745 1952 876 2012 omnium
898 1961 963 2015 erat
982 1952 1164 2013 humanitate
1185 1962 1215 2015 et

319 2054 495 2117 liberalitate
515 2054 583 2113 Joh.
604 2052 709 2113 Jacob.
732 2052 917 2130 Engelhard,
939 2052 1034 2114 literis
1056 2060 1086 2113 et
1104 2052 1215 2133 linguis

320 2158 430 2217 tinctus
459 2160 488 2212 et
514 2152 697 2211 exotioarum
718 2151 849 2229 peritus,
876 2153 962 2229 cujus
984 2154 1214 2215 couversatione

323 2256 396 2317 nihil
416 2270 546 2333 unquam
569 2250 686 2313 dulcius
704 2253 769 2314 luit.
800 2254 921 2312 Fratres
936 2252 1005 2312 huic
1018 2261 1103 2314 eraut
1116 2256 1222 2315 Bern-.

321 2356 439 2428 hardus,
462 2350 587 2411 Michael
609 2360 639 2410 et
649 2342 795 2427 Jodocua
817 2352 878 2413 nati
894 2352 1028 2431 matre*)
1046 2355 1136 2415 vidua
1148 2356 1213 2417 loe-

322 2456 400 2517 mina
427 2451 543 2531 priscae
568 2452 732 2513 honestatis
756 2460 786 2513 et
807 2454 991 2526 devotionis
1019 2461 1049 2515 et
1076 2458 1213 2518 sororius

321 2576 400 2619 unus
425 2554 487 2614 Jac.
508 2550 719 2627 llirschmaun,
748 2552 814 2632 pari
844 2572 949 2615 omnes
976 2553 1006 2613 in
1027 2574 1075 2614 me
1095 2556 1212 2633 affectu,

322 2655 432 2736 singuli
452 2670 552 2716 rernm
573 2671 631 2712 usu
653 2658 682 2713 et
702 2653 808 2733 peritia
828 2653 946 2715 literata
969 2655 1134 2735 conspicui.
1172 2656 1213 2719 At

321 2758 381 2831 ille,
403 2772 465 2835 quo
486 2752 612 2831 propior
632 2752 702 2814 mihi
724 2772 761 2814 eo
782 2753 821 2813 ad
837 2754 916 2814 vitae
925 2754 1059 2815 liberalia
1080 2755 1212 2818 oblecta·
1293 2796 1305 2801 -

322 2854 420 2918 menta
444 2853 644 2933 opportunior
671 2854 734 2915 luit.
783 2854 920 2935 Cumque
945 2857 1156 2919 mathematicis
1183 2865 1213 2919 et

321 2954 500 3019 mechanicis
527 2954 679 3033 elegantiis
701 2952 913 3030 delectaretur,
939 2956 1049 3033 adjecit
1072 2956 1213 3020 arithme-

321 3058 396 3119 ticae
432 3075 520 3137 quam
556 3054 697 3131 callebat,
734 3073 782 3115 me
814 3048 1003 3117 conductore¹
1033 3056 1214 3136 algebricam

322 3158 385 3219 sive
406 3156 552 3217 cossicam
573 3154 781 3231 subtilitatem,
807 3174 843 3215 ac
864 3175 940 3236 quae
965 3156 1024 3218 alia
1043 3158 1213 3221 studiorum

321 3258 406 3321 annis
437 3254 645 3335 praeterierat,
678 3254 764 3314 avide
794 3256 958 3335 recollegit.
1009 3260 1089 3319 Dum
1124 3259 1213 3321 etiam

320 3354 582 3435 Wiirtcmbergicis
607 3354 763 3417 annalibus
791 3374 957 3437 occuparer
981 3363 1011 3418 et
1035 3357 1068 3418 in
1094 3359 1210 3421 'l'buani

387 3570 413 3640 4)
429 3567 548 3623 verisim.
564 3567 654 3623 intell:
672 3582 742 3621 nunc
