3025 4409
351 485 411 548 ης
619 475 702 529 Liber
717 473 762 526 fv.
798 471 983 530 fuso-1639.

351 641 479 710 starent,
510 635 665 714 praecipui
693 633 732 695 ad
767 651 816 693 res
844 628 1045 691 emendandas
1077 647 1169 704 usus,
1202 629 1254 690 ille

351 736 551 813 Noribergae,
566 735 613 794 bic
624 733 787 807 Caustadii,
806 731 877 793 dum
896 729 978 791 aliud
993 739 1127 810 agerent,
1144 732 1173 791 3.
1186 729 1252 791 Cal.
1365 807 1367 812 ,

352 839 426 917 Apr.
448 844 479 896 et
503 835 533 896 8.
552 833 616 895 Cal.
637 834 721 913 Sept.
742 833 908 914 praerepti,
942 837 1070 911 uterque
1097 831 1254 893 luculento

354 938 455 1019 elogio
481 956 499 996 a
526 954 575 995 me
600 934 722 994 luridati.
766 935 828 996 Sed
856 942 886 994 et
907 932 1058 993 Besoldus
1085 933 1255 1012 apostasiae

353 1040 477 1099 brevem
502 1036 661 1114 periodum
689 1035 820 1096 absolvit
847 1031 1036 1112 lugolstadii‚
1065 1035 1180 1110 majore
1208 1033 1254 1093 lu-

354 1136 499 1199 bricitatis
525 1136 555 1196 in
577 1135 737 1215 religione,
765 1155 802 1195 an
831 1133 974 1214 perfidiae
1002 1134 1031 1195 iu
1054 1133 1178 1213 patriam
1200 1134 1255 1195 do-

357 1255 498 1317 mumque
518 1235 805 1315 Wiirtembergicam
827 1234 968 1295 virulenti
989 1235 1051 1295 odii
1071 1234 1192 1295 iufamia
1213 1221 1256 1294 i'u-

360 1344 485 1411 certum,
505 1343 539 1396 nt
560 1335 612 1417 qui
633 1343 782 1397 venenato
804 1334 918 1396 calamo
934 1333 1003 1412 plus
1017 1333 1110 1395 cladis
1131 1343 1161 1396 et
1175 1335 1256 1395 dam-

358 1459 454 1500 nosae
473 1455 592 1510 morae,
619 1455 707 1516 quam
728 1443 910 1496 armatorum
936 1441 1018 1494 totae
1044 1434 1125 1496 acies
1151 1435 1256 1514 gladii-

360 1559 420 1622 que
439 1538 553 1600 milleui
574 1536 663 1598 nobis
683 1537 792 1611 intulit,
814 1534 998 1596 detestabilis
1019 1533 1060 1594 ob
1082 1534 1111 1595 id
1131 1536 1170 1594 ad
1192 1555 1256 1596 om-
1368 1593 1369 1630 ,

359 1661 427 1702 nem
445 1638 649 1720 posteritatem
668 1637 832 1698 babendus.
875 1637 1033 1696 Pastorum
1051 1635 1183 1714 inpagis
1203 1635 1257 1696 tri-

359 1741 487 1803 stissima
516 1759 585 1801 sors
615 1739 687 1813 luit,
722 1746 756 1799 ut
788 1738 839 1818 qul
874 1736 911 1797 ab
944 1736 1026 1798 omui
1059 1755 1093 1797 re
1123 1736 1259 1798 familiari
1369 1769 1370 1782 κ

360 1841 442 1902 exuti
474 1849 504 1901 et
529 1839 678 1901 alimentis
703 1837 856 1918 denegatis
888 1847 940 1898 aut
971 1836 1107 1916 palantes
1141 1837 1259 1897 mendi-

361 1942 481 2018 cabaut,
507 1946 559 2001 aut
583 1939 614 2000 iu
641 1940 767 2000 urbibus
794 1939 982 2011 esuriebant,
1007 1937 1097 2017 plebe
1118 1938 1258 2016 paulatim
1369 1929 1370 1948 ¹

268 2089 271 2093 ›
359 2042 398 2104 ad
419 2061 538 2104 omnem
559 2040 800 2101 inhumanitatem
814 2037 1033 2118 obrigescente,
1055 2057 1184 2119 quornm
1205 2039 1261 2100 ali·
1368 2097 1370 2116 ,

362 2162 441 2225 qnos
460 2147 614 2220 utcunque
640 2140 689 2200 bie
708 2141 855 2215 fovimus,
884 2147 914 2200 et
937 2139 976 2199 ad
996 2157 1080 2218 spem
1101 2139 1261 2202 meliorum

362 2241 567 2306 sustinuimus.
598 2239 728 2301 Octobri
741 2241 860 2301 demum
878 2259 982 2300 mense
993 2239 1135 2319 princeps
1149 2241 1259 2303 Eberb.
1370 2253 1371 2280 ¹

360 2345 451 2405 terris
474 2342 539 2402 suis
566 2340 838 2402 desideratissimus
866 2341 1022 2402 restitutus
1044 2348 1105 2417 est,
1134 2339 1260 2402 dur-issi·
1370 2347 1371 2430 ζ

361 2443 418 2504 raia
444 2441 516 2502 licet
540 2441 764 2502 conditionibus
794 2442 965 2517 devinctuS,
997 2443 1049 2522 qui
1084 2441 1261 2503 convocatis
1370 2431 1371 2444 ἒ

362 2543 477 2626 patriae
497 2540 670 2616 ordinibus,
700 2541 770 2602 dum
797 2541 889 2603 rebus
910 2542 1110 2622 congerendis
1131 2542 1259 2622 vectigal

363 2644 517 2707 insolitum
537 2642 666 2723 imponit
690 2641 765 2703 citra
785 2661 869 2703 suam
896 2642 1015 2721 culpam
1044 2648 1074 2702 et
1098 2642 1262 2704 necessila-

362 2745 401 2806 tis
422 2743 485 2806 telo
501 2750 587 2805 actus
614 2761 699 2822 spem
719 2741 882 2804 multorum
909 2741 1077 2817 frustravit,
1110 2741 1263 2822 plausum·

363 2864 426 2927 qne
443 2843 551 2925 populi
569 2842 740 2904 amaricavit
761 2849 791 2904 et
810 2841 965 2904 imminuit.
1001 2843 1143 2904 Reddiffit
1161 2851 1262 2906 tamen

363 2947 427 3008 sula
453 2944 628 3008 labefactata
658 2941 849 3022 municipalia
882 2949 912 3004 et
938 2941 1084 3004 ecclesiae
1113 2944 1197 3022 jura,
1231 2945 1263 3005 in

364 3065 424 3128 qua
444 3044 664 3125 grassatoribus
684 3050 714 3105 et
734 3043 1122 3106 cuniculariisoflicialibus
1136 3044 1263 3126 quibus-

364 3148 433 3208 ‹lanr
451 3146 569 3206 benum
588 3144 700 3223 injecit.
738 3141 838 3222 Cujus
864 3145 1026 3205 oocasione
1052 3151 1082 3206 et
1110 3163 1167 3224 ago
1195 3162 1263 3205 ere-

363 3255 448 3330 ptum
468 3246 540 3307 mibi
559 3253 610 3307 aut
630 3245 779 3324 dejectum
799 3244 953 3324 regiminis
981 3244 1176 3306 ecclesiastici
1197 3265 1264 3306 mu·

365 3368 424 3411 nna
448 3345 611 3420 vaureu,
639 3354 669 3406 et
694 3344 813 3407 solenni
834 3345 1036 3408 transactione
1056 3345 1096 3406 aa
1116 3345 1167 3406 ab.
1182 3343 1262 3407 Nov.

366 3471 436 3511 oum
461 3453 566 3510 senatu
592 3445 685 3507 mutui
712 3464 881 3507 consensus
902 3452 931 3506 et
952 3444 1114 3507 concordis
1136 3445 1263 3506 admini-

364 3545 516 3612 strationis
537 3547 633 3626 capita
658 3546 784 3621 sancivi,
812 3565 890 3626 quae
910 3545 1048 3608 Christus
1070 3552 1133 3607 rata
1155 3546 1262 3607 babeat
