3025 4409
337 483 522 554 Epistularum
542 498 604 536 cnm
621 486 732 551 August.
750 481 863 534 Brunsv.
882 480 1083 534 commercium.
1110 484 1169 544 ‘217

276 639 377 718 gnatio
394 639 473 719 apud
483 645 695 718 praepotentes
711 637 870 716 plurimum
885 637 1003 712 resedit,
1024 638 1101 698 inter
1120 656 1169 698 ee-

276 740 380 820 quales
402 740 481 800 livor
502 740 628 815 remisit,
650 760 727 820 quos
747 739 904 800 inleriores
920 739 1014 800 secuti
1034 738 1070 796 ab
1092 740 1170 814 iuju-

275 840 327 900 riis
349 839 528 901 abstinuere.
568 839 718 901 Valetudo
738 841 822 900 firma
839 840 893 900 luit
910 847 940 899 et
953 859 1001 900 res
1019 840 1169 902 familiaris
1187 835 1192 846 ’

275 941 404 1019 Augusti
424 939 568 1019 principis
589 941 648 1012 mei
674 941 874 1002 munificentia
895 939 1053 1019 pluriurnm
1075 952 1170 1006 aucta.

274 1039 406 1102 Soboles
422 1040 508 1100 etiam
519 1041 639 1119 gemino
655 1050 766 1120 nepote
776 1041 894 1102 loanne
904 1040 1058 1102 Ludovico
1072 1042 1170 1104 etnu-

274 1149 364 1221 gnsto
375 1143 424 1201 25.
432 1139 509 1219 Aug.
520 1148 550 1200 et
562 1141 591 1202 3.
603 1142 670 1201 Oct.
684 1142 824 1202 accrevit.
862 1142 930 1220 lpse
942 1142 1002 1202 dux
1014 1143 1168 1222 Augustus

273 1249 370 1303 totum
388 1242 466 1301 huuc
479 1261 589 1302 anuum
604 1243 824 1321 propemodum
838 1241 1006 1320 occupavit,
1022 1262 1089 1304 oum
1107 1264 1168 1324 quo

273 1341 437 1402 literarium
457 1342 676 1416 commercium,
698 1344 781 1423 quod
800 1343 919 1422 singulo
937 1343 1076 1422 septiduo
1094 1345 1170 1406 reei-

275 1450 463 1521 proceretur,
484 1442 647 1521 ingressus
666 1444 779 1506 laboris
791 1453 820 1505 et
829 1443 991 1523 voluptatis
1006 1445 1090 1523 paria
1103 1446 1169 1522 leci,

274 1563 393 1623 semper
414 1561 488 1603 vero
510 1543 594 1623 quod
614 1544 738 1604 mirarer
765 1545 796 1604 in
823 1544 959 1622 principe
984 1543 1050 1606 viro
1072 1546 1168 1608 habui.

273 1643 350 1704 Nam
364 1643 506 1724 quicquid
526 1643 605 1704 mole
617 1645 827 1706 tractationum
844 1645 882 1704 de
899 1646 976 1706 arcis
990 1645 1169 1726 Guelferby-

274 1743 404 1820 tae²²⁴)
423 1763 495 1806 suae
512 1743 722 1818 restitutione„
733 1744 866 1823 repetitis
883 1744 1010 1806 subinde
1027 1747 1171 1809 clusioni-

188 1839 196 1848 '
275 1845 341 1919 bus,
364 1844 566 1920 distineretur,
588 1852 688 1904 tamen
708 1845 738 1904 iu
757 1843 1019 1923 Harmoniae²²⁵)
1042 1866 1170 1927 evange·

189 2011 192 2016 .
274 1945 350 2006 licae
371 1944 591 2007 conlectionem
615 1950 697 2005 totus
718 1944 866 2019 incubuit,
895 1946 976 2027 quod
998 1967 1075 2026 opus
1098 1950 1169 2011 olim

273 2047 445 2125 posteritas
461 2052 507 2106 sat
517 2044 593 2120 scio,
612 2045 752 2124 stupebit,
768 2046 862 2124 magis
873 2047 960 2107 otiam
971 2048 997 2109 si
1009 2049 1091 2126 sciat,
1112 2074 1170 2133 qua

275 2146 434 2225 diligentia,
456 2145 615 2223 sagacitate
637 2157 666 2206 et
687 2145 826 2224 indagine
847 2147 1021 2209 excreverit.
1054 2150 1099 2211 Ac
1122 2172 1169 2214 re-

275 2247 390 2308 stitutio
402 2246 522 2308 taudem
533 2254 564 2306 et
580 2247 645 2326 ipsa
661 2246 709 2306 die
726 2245 870 2308 exaltatae
880 2246 954 2321 ²²⁶)
974 2249 1072 2311 crucis
1085 2254 1170 2332 quasi

274 2348 419 2409 miraculo
440 2348 548 2409 secuta'
565 2355 620 2422 est,
641 2368 709 2409 cum
723 2349 891 2409 nasutiores
908 2349 1044 2432 plerique
1062 2351 1169 2432 despe-

275 2455 402 2522 rassent,
422 2449 488 2528 ipse
505 2448 590 2510 solus
602 2447 710 2508 fiducia
721 2448 752 2508 iu
766 2450 872 2525 Deum,
891 2449 949 2510 fide
966 2449 996 2510 iu
1010 2449 1170 2516 Caesarem

276 2555 306 2608 et
321 2544 463 2627 pitientia
481 2548 646 2609 obduratus
663 2549 850 2626 perstitisset.
884 2549 980 2630 Cujus
997 2557 1169 2618 memorium

275 2647 371 2709 tribus
392 2648 520 2710 nummis
546 2647 627 2708 cusis
654 2649 876 2727 sancivit²²⁷),
908 2671 1078 2732 campanam
1106 2658 1170 2719 sine

274 2747 398 2827 pistillo,
424 2748 568 2826 pistillum
590 2748 655 2808 sine
676 2769 827 2828 campana,
850 2771 1021 2832 carrrpanam
1042 2755 1171 2838 deniqne

274 2850 388 2911 inserto
414 2847 527 2927 pistillo
555 2850 807 2928 exprimentibus,
834 2852 883 2914 cui
907 2863 1063 2915 sonantem
1084 2878 1171 2937 quar-

274 2957 334 3010 tam
354 2949 463 3024 addidi,
483 2969 653 3029 aureosque
673 2958 755 3013 totos
777 2973 845 3013 cum
866 2956 1055 3032 cataphracto
1072 2960 1172 3040 equite

275 3049 395 3110 maximi
429 3050 517 3129 pretii
551 3051 633 3112 douo
660 3053 773 3131 accepi.
828 3053 922 3114 Unica
948 3055 1018 3116 mihi
1045 3058 1172 3139 alicujus

275 3149 417 3210 momenti
444 3151 525 3212 lucta
553 3151 622 3226 luit,
660 3172 748 3232 quam
774 3173 941 3216 memorare
967 3176 1029 3217 non
1057 3159 1111 3222 abs
1139 3183 1171 3223 re

277 3251 375 3311 luerit.
406 3251 560 3330 Philippus
578 3251 734 3312 Kielmann
755 3255 907 3332 prostituti
928 3258 1052 3334 pudoris
1071 3262 1170 3333 lrom0,

276 3371 343 3412 cum
372 3351 479 3412 iterum
508 3354 582 3413 duas
608 3353 732 3413 ancillas
753 3362 843 3434 atque
865 3375 996 3434 sponsus
1017 3381 1077 3420 uuo
1099 3382 1171 3439 pro-

275 3452 437 3530 pemodum
465 3457 601 3532 tempore
623 3454 759 3533 gravidas
781 3456 914 3532 lecisset,
944 3460 995 3539 qui
1016 3459 1052 3518 ab
1075 3461 1171 3522 eccle-

277 3552 320 3613 sia
343 3551 546 3631 corriperetur
567 3563 656 3635 atque
673 3554 768 3616 eidem
784 3558 1041 3636 reconciliaretur,
1064 3561 1171 3640 diguus
