3025 4409
337 493 398 552 104
599 484 681 536 Liber
697 485 739 536 ΙΙΙ.
775 481 964 538 tutu—1630.

338 660 465 722 quarum
487 660 600 702 summa
621 648 694 715 erat,
720 659 759 700 ne
780 638 940 714 inauditos,
968 644 1001 698 ut
1023 645 1231 718 quererentur,

339 741 475 804 subditos
503 761 576 804 suos
603 759 641 800 ex
660 740 737 800 levis
764 739 892 801 hominis
913 737 1063 800 delatione
1084 739 1233 818 perderet,

339 841 394 904 sed
414 862 478 902 rem
499 861 618 904 omnem
645 840 756 902 certius
779 861 835 921 per
860 841 958 902 minus
979 839 1130 901 obnoxios
1150 839 1234 902 viros

341 943 521 1023 exploraret.
569 941 660 1018 Quod
679 942 745 1020 ipse
766 940 885 1021 quidem
906 939 1047 1020 princeps
1073 941 1236 1002 clementer

339 1044 463 1106 intuitus
491 1062 527 1102 ac
554 1050 588 1102 nt
615 1061 665 1102 res
686 1039 878 1118 ampliaretur
898 1060 933 1100 ao
954 1061 972 1102 a
993 1041 1022 1101 vi
1043 1041 1161 1102 iuterim
1181 1041 1235 1102 ab·

341 1143 516 1216 stineretur,
542 1161 650 1221 passus
677 1146 737 1209 est;
768 1140 821 1201 sed
848 1139 899 1220 qui
927 1140 982 1200 sub
1008 1140 1129 1202 leonina
1154 1141 1234 1220 pelle

340 1242 508 1318 latitabant,
536 1242 602 1302 diro
628 1261 675 1301 me
701 1239 826 1301 fulmine
852 1240 937 1320 quasi
965 1240 1101 1322 obsequii
1131 1242 1234 1302 turba-

341 1351 437 1404 torem
463 1349 494 1402 et
519 1343 615 1404 aliena
637 1342 825 1404 irrvadentem
846 1349 1074 1419 percusserunt,
1102 1362 1159 1402 nec
1180 1343 1235 1403 mi-

342 1462 400 1504 nus
430 1452 527 1504 nmen
555 1442 728 1504 ulteriorem
755 1440 800 1500 rei
827 1440 995 1520 indaginem
1024 1442 1104 1503 ferre
1136 1444 1234 1505 coacti

342 1551 420 1605 sunt.
462 1545 549 1620 Quae
568 1565 636 1605 cum
658 1564 676 1604 a
697 1541 828 1603 cordatis
851 1549 880 1602 et
906 1542 1027 1622 integris
1054 1543 1126 1604 viris
1153 1553 1234 1605 esset

341 1645 431 1717 facta,
458 1644 540 1705 omni
560 1644 679 1704 tandem
700 1652 780 1704 metu
810 1653 839 1704 et
859 1642 966 1720 injuria
987 1643 1068 1703 cives
1088 1643 1234 1718 liberavit,
1290 1661 1292 1666 ¹

342 1745 395 1826 qui
420 1753 491 1824 post
516 1747 614 1805 Deum
638 1745 843 1826 principisque
868 1743 1103 1804 innocentissimi
1135 1744 1234 1806 indul-

341 1845 485 1925 gentiam,
512 1866 579 1906 meo
606 1846 691 1907 ausui
716 1846 790 1927 (qui
818 1865 836 1905 a
863 1843 1014 1923 Gorgonis
1041 1845 1136 1924 capite
1160 1846 1234 1906 nihil

342 1946 564 2025 retrocedebat)
592 1948 748 2028 plurimam
776 1952 911 2007 servatae
936 1944 1030 2004 famae
1052 1953 1082 2006 et
1102 1944 1145 2006 rei
1165 1965 1234 2025 gra-

341 2047 412 2108 tiam
433 2046 536 2108 deberi
556 2056 744 2128 agnoverunt
766 2053 795 2106 et
809 2045 905 2124 palam
920 2053 990 2106 sunt
1002 2042 1140 2125 professi.
1172 2047 1234 2109 Eo-

328 2147 410 2209 dem
436 2167 515 2208 anuo
535 2147 734 2226 Noribergam
754 2146 915 2208 occasione
935 2146 1103 2225 nuptiarum
1124 2150 1234 2210 sororii

342 2248 380 2309 D.
397 2246 579 2309 Baltbasaris
600 2247 727 2308 Simonii
752 2245 859 2306 medici
887 2248 916 2307 8.
933 2245 1015 2306 Junii
1042 2267 1232 2310 excurrerem

341 2347 483 2409 visendae
503 2345 587 2408 urbis
604 2346 791 2407 Mercurialis
812 2347 920 2408 studio.
959 2350 1055 2425 Quam
1076 2349 1145 2410 dum
1167 2350 1233 2411 obi-

342 2452 390 2506 ter
408 2447 515 2521 lustro,
536 2446 661 2508 meliore
681 2447 743 2506 lato
765 2467 852 2527 quam
872 2467 929 2528 pro
952 2467 1006 2528 spe
1026 2467 1093 2508 mea
1109 2449 1140 2510 in
1154 2452 1232 2512 Pau-

341 2545 403 2606 lum
426 2546 589 2627 Piggelium
611 2549 647 2608 D.
664 2548 825 2626 Laurentii,
852 2557 882 2610 et
905 2549 1072 2610 iohannem
1101 2550 1232 2613 Sauber-

342 2653 403 2708 tum
425 2647 462 2707 D.
481 2647 593 2708 Mariae
613 2654 766 2728 pastores,
788 2657 850 2709 tum
873 2647 1122 2730 Christophorum
1143 2651 1231 2712 Leib-

341 2747 452 2808 nizium
479 2749 515 2809 D.
538 2747 660 2810 Sebaldi
681 2748 848 2825 diaconum,
871 2756 901 2811 et
925 2749 993 2811 Joh.
1016 2751 1231 2814 Schnerrerum

341 2849 556 2928 provincialem
583 2848 726 2924 scribam,
755 2858 874 2928 praeter
893 2849 969 2912 alios
989 2851 1098 2912 virtute
1119 2871 1154 2914 ac
1174 2873 1232 2916 no-

341 2946 454 3010 bilitate
480 2949 661 3028 oonspicuos
687 2949 791 3024 incidi,
822 2971 949 3032 quorum
970 2952 1125 3014 amicitiam
1145 2954 1231 3017 brevi

341 3057 492 3112 momento
515 3055 701 3120 ,contractam
721 3051 804 3112 nulla
824 3059 905 3114 aetas
927 3051 1052 3129 delebit,
1078 3054 1160 3116 nulla
1181 3077 1232 3118 ae·

341 3150 444 3231 quabit
463 3152 541 3213 vitae
561 3151 619 3211 alia
640 3150 784 3224 suavitas;
807 3171 842 3214 ac
864 3153 1038 3214 Schnerreri
1059 3155 1178 3234 quidem
1201 3163 1230 3218 et

340 3251 465 3332 Piggelii
486 3251 675 3315 consuetudo
696 3251 819 3314 brevior
839 3254 908 3330 luit,
930 3253 983 3316 illo
1007 3255 1096 3317 1625.
1117 3257 1231 3318 doban-

341 3351 387 3414 nis
409 3351 466 3428 die,
487 3353 545 3415 hoc
565 3354 711 3434 postridie
733 3353 797 3416 Cal.
817 3353 906 3416 Febr.
922 3355 1011 3416 1628.
1034 3355 1143 3418 acerbo
1164 3358 1231 3418 vul-

340 3469 413 3514 nere
434 3472 502 3515 meo
524 3454 676 3528 extinctis3
704 3463 891 3517 caeterorum
906 3461 939 3516 ut
962 3475 1049 3536 quam
1068 3456 1231 3519 diutissime

343 3551 438 3628 duret,
461 3552 598 3617 Christus
619 3555 699 3617 faxit.
742 3557 808 3616 lloc
829 3556 914 3618 etiam
937 3577 1003 3619 cum
1025 3560 1157 3621 nondum
1179 3559 1230 3620 dc·
