3025 4409
343 522 384 582 84
616 512 699 568 Liber
714 514 745 567 ll.
780 514 963 570 ibid—1620.

346 670 445 747 alicui,
466 672 518 752 qui
532 672 721 733 innocentem
743 690 941 752 securamque
948 672 1138 748 juventutem
1158 672 1241 733 dulci

346 790 464 835 veneno
486 772 608 833 inficere
634 791 696 833 non
717 772 862 833 dubitant.
906 772 995 832 llunc
1016 791 1071 834 sua
1091 792 1150 854 qua
1170 773 1241 852 pol·

346 874 406 935 leat
434 872 579 953 sapientia
602 878 691 953 atque
714 872 874 951 prudentia
894 872 1084 949 effecturum,
1111 880 1146 934 ut
1163 880 1241 953 optr-

346 994 426 1036 mum
447 972 592 1053 principis
613 971 771 1033 consilium
793 972 832 1033 sit
856 980 886 1032 et
904 972 1174 1035 fructuosissimum
1195 980 1241 1035 at-

347 1093 407 1157 que
427 1073 551 1135 omuino
571 1073 691 1153 utrique
712 1071 857 1133 ecclesiae
878 1073 1029 1151 superiori
1049 1084 1121 1154 puta
1136 1084 1172 1135 'et
1193 1075 1241 1135 in-

347 1173 451 1237 ierion'
476 1172 547 1235 satis
573 1174 632 1233 liat.
675 1172 797 1233 Interim
823 1173 943 1235 silentio
971 1174 1065 1237 multo
1086 1175 1241 1255 negotium

347 1294 437 1337 omne
461 1280 593 1353 tegerem
619 1278 708 1353 atque
734 1272 772 1332 ab
797 1273 834 1335 iis
856 1274 926 1335 milii
946 1276 1073 1337 maxime
1094 1294 1242 1349 caverem,

348 1376 399 1458 qui
419 1374 573 1454 religionis
593 1373 753 1453 plurimum
775 1383 881 1454 optare
900 1376 994 1437 velint
1013 1376 1118 1437 videri.
1162 1376 1241 1435 Gra-

347 1475 459 1538 tulatus
485 1474 555 1536 mihi
585 1494 652 1535 sum
679 1475 806 1537 eundem
833 1477 1014 1538 directorem
1046 1475 1241 1536 monitorem-

348 1596 407 1658 que
429 1574 507 1652 dari,
536 1594 624 1656 quem
651 1582 681 1635 et
701 1594 765 1636 rev.
787 1561 1000 1640 consistorium
1021 1577 1174 1657 elegisset,
1201 1576 1240 1635 ad

349 1694 438 1758 quem
459 1684 488 1737 et
508 1675 573 1756 ipse
595 1676 652 1737 iter
672 1677 970 1742 meumdestinaram.
1000 1680 1103 1759 ltaque
1115 1675 1163 1736 die
1175 1694 1239 1737 uno

347 1777 504 1858 alteroque
540 1785 641 1840 mutua
675 1776 718 1837 rei
756 1778 845 1855 hujus
882 1778 1152 1840 communicatione
1186 1778 1240 1839 ab

348 1885 482 1958 sumpto,
508 1885 542 1940 ut
561 1878 689 1958 primum
715 1878 874 1941 advenisse
902 1880 1055 1941 domiuum
1078 1878 1241 1940 llobenlel-

347 1980 451 2041 derum
476 1981 621 2058 cognovi,
651 1978 711 2039 adii
738 1977 836 2040 virum
863 1980 963 2062 etqui
983 2000 1046 2056 rev.
1068 1979 1242 2041 consistorii

345 2079 595 2159 Wiirtembergici
616 2079 647 2139 in
668 2078 825 2139 ecclesiam
840 2082 904 2158 jam
926 2079 1008 2142 velut
1026 2080 1240 2159 parturientem

346 2184 470 2244 aflectus
491 2188 580 2254 esset,
604 2177 746 2257 exposui:
769 2199 876 2259 nempe
897 2202 964 2243 cum
988 2182 1133 2243 ecclesiae
1146 2200 1239 2242 unum

348 2284 386 2345 sit
406 2304 469 2359 cor,
491 2300 570 2342 unus
592 2280 622 2339 in
643 2278 766 2340 Christo
788 2281 920 2360 spiritua,
942 2303 1066 2365 quoquo
1091 2303 1126 2343 ea
1147 2303 1239 2344 mem-

346 2382 409 2443 bris
431 2382 494 2442 suis
514 2380 650 2459 dispersa
670 2378 708 2440 sit
729 2380 849 2443 sincero
875 2402 978 2444 amore
999 2393 1029 2444 et
1048 2384 1240 2445 solicitudine

347 2481 496 2555 connecti,
517 2479 558 2540 ibi
578 2498 653 2539 vero
675 2498 794 2542 sacrum
814 2482 946 2543 calorem
966 2482 1165 2562 multiplicari,
1187 2484 1240 2545 ubi

347 2583 444 2660 major
470 2580 509 2641 sit
531 2580 659 2641 Satanae
685 2580 869 2662 impugnatio
904 2590 934 2644 et
959 2583 1135 2645 christianae
1161 2585 1240 2645 mili-

347 2683 404 2745 tiae
432 2681 534 2754 labor3
570 2682 652 2763 quod
681 2682 707 2743 si
737 2689 767 2745 et
794 2684 929 2746 subsidio
962 2684 1129 2746 consiliove
1159 2704 1239 2764 opus

347 2784 399 2860 sit,
427 2783 550 2845 omnino
575 2802 732 2844 accursum
760 2784 871 2845 deberi.
922 2782 1013 2844 Nunc
1039 2786 1139 2866 itaque
1167 2786 1239 2847 dum

346 2882 564 2967 iniquissimum
582 2882 756 2945 Antichristi
777 2885 883 2965 jugum
904 2883 1031 2964 insignia
1051 2885 1167 2966 aliquot
1187 2906 1239 2947 ec-

346 2986 456 3049 clesiae
484 2983 616 3046 membra
650 2985 801 3046 excutiant
833 2985 1084 3068 metuendumque
1114 2986 1167 3062 sit,
1204 2995 1239 3048 ut

288 3116 293 3135 ·
346 3088 398 3168 qui
417 3088 476 3148 buc
496 3103 593 3165 usque
613 3085 759 3146 terminos
780 3105 853 3147 suos
874 3086 1054 3147 extendendi
1074 3106 1132 3147 nec
1150 3085 1238 3146 blan-

346 3186 431 3248 ditias
458 3206 515 3249 nec
540 3185 688 3247 machinas
716 3184 954 3262 intermiserunt,
984 3187 1070 3248 nimis
1091 3186 1122 3245 in
1144 3206 1237 3248 excu-

345 3288 402 3349 biis
428 3294 508 3349 stent
533 3296 562 3349 et
587 3286 716 3347 libertati
743 3288 929 3348 anhelantem
955 3286 1110 3348 ecclesiam
1138 3288 1237 3371 novis,

346 3397 376 3451 et
402 3397 436 3451 ut
465 3387 561 3449 videri
595 3386 717 3462 volunt,
753 3386 979 3449 rationabilibus
1005 3387 1134 3450 vinculis
1161 3410 1237 3451 con-

344 3488 507 3570 stringant,
543 3488 712 3568 neutiquam
745 3487 936 3549 dormiturire
967 3488 1237 3569 Wiirtembergiam

343 3590 423 3652 illam
457 3587 645 3651 immutabilis
679 3587 878 3649 confessionis
904 3594 1105 3667 pervetustam
1133 3590 1237 3652 sedeur
