3025 4409
287 507 560 562 SocietCtuistiana
581 507 701 563 Alterius
715 506 813 563 societ.
825 505 887 560 idea
900 507 1108 578 suspicmcret.
1127 515 1185 576 101

285 663 427 726 familiam
446 665 505 726 huc
524 664 714 739 transtulere,
736 663 846 745 quibus
866 664 1058 728 sublevandis
1077 686 1135 746 pro
1150 687 1183 730 re

284 785 321 825 ac
342 783 435 844 supra
456 786 519 826 rem
541 766 627 826 etiam
649 784 744 825 meam
766 764 877 844 optima
898 765 958 826 fide
980 773 1010 828 et
1030 767 1182 830 indelessa

284 865 385 927 studio
414 865 494 926 adfui
515 873 546 926 et
570 866 689 926 aedium
714 885 848 927 mearum
880 865 1009 945 hospitio
1040 868 1183 930 hactenns

283 965 385 1026 habui.
437 965 596 1027 Caeterum
624 975 707 1027 totus
735 966 782 1026 hic
809 986 905 1028 annus
937 986 1087 1046 operosus
1113 966 1182 1028 mini

284 1065 357 1139 fnit,
383 1065 468 1128 initio
496 1068 566 1128 dato
586 1067 702 1145 Augias
731 1067 850 1130 stabulo
874 1069 1029 1146 purgando
1056 1068 1181 1128 aBest-

283 1166 348 1227 lino
375 1168 495 1228 homine
522 1168 722 1247 congerendis
743 1175 857 1228 tanturn
880 1167 989 1230 divitiis
1010 1188 1065 1247 per
1086 1168 1130 1229 las
1152 1176 1182 1228 et

284 1267 368 1329 netas
389 1268 519 1344 intento,
547 1270 718 1330 successori
737 1268 806 1329 Joh.
824 1267 963 1329 Kiiruero
985 1267 1107 1344 relicto,
1130 1269 1182 1349 qui

285 1367 331 1427 vir
351 1367 425 1428 recti
445 1369 597 1430 studiosus
618 1365 726 1430 socias'
738 1389 845 1432 manus
866 1370 1068 1432 restituendae
1086 1368 1181 1430 civilis

285 1467 460 1547 disciplinae
490 1469 619 1531 libenter
650 1470 786 1532 contulit.
841 1471 903 1532 Sed
935 1479 965 1532 et
994 1472 1041 1532 vir
1071 1469 1181 1532 nobilis

284 1569 349 1628 Jac.
370 1570 480 1630 Bernln
503 1570 685 1649 Giiltlingius
712 1570 901 1652 'l'enllringae
928 1571 1067 1632 dominus
1092 1591 1181 1650 prae-

286 1669 429 1729 lecturam
451 1689 534 1730 suam
556 1671 742 1751 superiorem
757 1671 865 1732 sedulo
884 1671 987 1732 obibat
1008 1677 1037 1731 et
1052 1689 1100 1731 me
1116 1670 1180 1732 sive

209 1784 213 1790 ·
286 1768 481 1830 haereditaria
507 1771 648 1847 amicitia,
684 1770 748 1831 sive
780 1791 837 1834 suo
864 1772 977 1851 impetu
1004 1771 1180 1834 effusissime

285 1869 410 1932 amabat.
450 1870 505 1932 Sin
525 1871 686 1944 minutiora
706 1871 795 1932 ctiam
815 1873 893 1934 scire
914 1892 977 1934 non
997 1872 1088 1951 piget,
1109 1891 1180 1934 vasa

285 1970 364 2032 sacri
383 1990 457 2032 usus
478 1991 517 2032 ex
536 1971 668 2033 stanneis
687 1978 830 2051 argentea
849 1973 923 2034 meis
950 1980 980 2034 et
1000 1973 1180 2034 devotorum

284 2071 428 2151 impensis
448 2072 573 2147 reddidi,
594 2093 746 2154 nunquam
765 2074 860 2153 magis
883 2094 970 2155 quam
991 2079 1074 2134 recte
1094 2072 1179 2134 lactis

284 2173 423 2250 invidiae,
444 2175 506 2236 fato
527 2193 605 2250 meo,
627 2173 788 2236 obnoxius.
817 2173 955 2236 Accessit
967 2173 1048 2236 aliud
1063 2172 1178 2253 patien-

284 2273 344 2335 tiae
365 2274 541 2336 exercitium
562 2295 600 2336 ex
626 2275 780 2337 societatis
807 2274 961 2352 cujusdam
979 2273 1128 2336 literariae
1149 2281 1180 2338 et

286 2375 462 2436 christianae
490 2375 561 2436 olim
587 2383 752 2456 conceptae
771 2376 856 2436 ideae
878 2395 946 2436 cum
971 2374 1039 2438 fidis
1060 2373 1179 2455 paucis-

287 2474 370 2537 simis
391 2477 624 2538 communicatae
647 2477 798 2558 iniqniore
818 2476 1078 2558 interpretatione,
1102 2493 1180 2556 quae

287 2582 318 2636 et
325 2574 428 2638 literas
438 2577 614 2640 monitorias
632 2578 671 2637 ad
685 2577 825 2640 Austrios
840 2598 994 2658 proceres,
1015 2595 1092 2656 quos
1110 2575 1179 2636 huic

287 2676 330 2736 rei
356 2676 457 2737 lavere
478 2678 581 2757 opinio
603 2685 681 2752 erat,
703 2679 865 2756 expressit,
893 2699 969 2760 qnae
989 2676 1070 2757 apud
1090 2677 1180 2755 huius

285 2777 375 2856 plane
395 2776 517 2856 ignaros
537 2778 726 2858 importunae
747 2784 777 2840 et
797 2778 940 2842 ridiculae
958 2779 1088 2840 fuerunt.
1117 2777 1178 2838 Eo·
1243 2792 1245 2796 ’

287 2879 355 2939 dem
385 2897 482 2957 prope
512 2885 647 2958 tempore
679 2899 747 2940 cum
774 2885 886 2941 armeta
917 2899 1007 2942 manu
1031 2877 1179 2942 Badeusis

286 2987 367 3042 terra
387 2979 515 3059 principi
535 2980 714 3042 Durlacensi
735 2979 902 3060 eriperetur
927 2987 957 3042 et
982 2978 1104 3056 majoris
1124 2998 1178 3058 pe-

287 3079 376 3141 riculi
396 3080 433 3141 ab
454 3077 607 3156 infecto*)
628 3079 720 3142 milite
740 3088 837 3144 metus
853 3089 943 3157 esset,
964 3081 1094 3142 Thomas
1107 3082 1179 3142 We-

288 3179 405 3258 gelinus
427 3182 467 3242 th.
490 3181 612 3255 doctor,
639 3181 784 3259 gymnasii
804 3182 967 3244 Dnrlaceni
987 3186 1089 3244 rector
1109 3188 1179 3260 post

288 3283 467 3342 thermarum
493 3280 676 3342 Cellensium
707 3301 796 3344 usum
823 3282 861 3342 ad
887 3303 934 3344 me
962 3302 1018 3361 per
1045 3299 1178 3344 mensem

288 3381 406 3443 circiter
420 3389 595 3457 secesserat,
619 3401 727 3461 magno
743 3382 845 3464 utique
864 3401 901 3444 ex
918 3383 1093 3446 suavissima
1104 3400 1177 3442 con-

357 3597 383 3664 a)
400 3593 467 3648 Cod.
486 3595 515 3646 Α.
534 3599 562 3648 et
578 3593 622 3648 B.:
645 3593 752 3650 infesto.
