3025 4409
542 459 627 514 Calva
642 457 742 513 iterum
762 458 876 537 direpta.
1099 465 1160 526 177

258 618 457 697 Dambergius
485 615 714 696 Philippoburgi
745 616 897 693 praesidio
925 617 1094 695 praefectus
1127 623 1157 678 et

257 737 374 781 merces
401 724 603 778 mercatorum
628 712 803 776 nostrorum
831 717 930 796 magni
955 717 1043 796 pretii
1063 717 1156 778 inter-

256 826 393 898 ceperat,
425 825 454 879 et
479 839 598 880 manum
619 818 807 896 praedonum
830 820 877 879 10.
893 815 957 878 Cal.
973 817 1046 896 Maji
1066 818 1155 880 nobis

255 919 432 995 immiserat,
460 939 479 978 a
507 918 616 999 quibus
639 918 733 979 Calva
753 919 860 978 iterum
887 918 1003 997 direpta
1025 919 1155 981 incredi-

253 1020 315 1082 bile
342 1021 483 1080 damnum
512 1019 643 1098 accepit,
676 1039 754 1100 qnae
786 1020 860 1080 dura
890 1039 957 1080 sors
987 1039 1033 1080 me
1067 1020 1154 1082 etiam

253 1140 386 1200 corpore
412 1128 510 1180 tamen
537 1141 593 1198 per
619 1122 720 1200 lugam
747 1120 833 1182 salvo
855 1119 1010 1198 corripuit.
1051 1119 1153 1184 Nihilo

252 1230 353 1282 tamen
374 1220 472 1282 minus
495 1221 624 1297 Gezius,
652 1221 704 1301 qui
733 1220 848 1298 etipse
870 1228 975 1282 contra
996 1221 1153 1284 Vinarien-

252 1341 317 1382 sem
344 1341 408 1382 rem
434 1324 513 1384 haud
539 1321 655 1383 felicius
677 1322 803 1392 fecerat,
834 1321 964 1401 prologo
986 1343 1043 1384 suo
1065 1343 1153 1385 exer·

251 1421 315 1482 citu
337 1421 428 1482 nobis
447 1423 597 1497 incubuit,
619 1423 770 1484 excidium
792 1421 893 1495 etiam,
922 1430 956 1482 ut
976 1424 1053 1484 sama
1073 1425 1151 1486 fere-

250 1522 320 1595 bat,
341 1523 558 1599 interminatus,
580 1524 663 1604 quod
684 1530 784 1584 tamen
805 1521 953 1600 propitius
973 1525 1058 1586 Deus
1078 1545 1152 1604 pro-

250 1623 355 1684 hibuit.
404 1626 448 1686 lta
467 1644 577 1684 annum
599 1624 677 1684 inter
697 1629 862 1702 perpetuos
889 1641 1020 1702 angores
1041 1631 1071 1686 ct
1090 1633 1151 1686 ter-

250 1745 356 1800 roreS,
378 1746 413 1785 ac
435 1724 627 1804 gravissimas
648 1723 831 1796 exactiones,
855 1741 931 1802 quac
953 1743 1066 1802 genero
1081 1747 1150 1788 meo

249 1846 468 1906 nonnunquam
495 1826 557 1886 lot)
578 1823 777 1885 hebdomatim
805 1822 927 1884 florenis
948 1830 1067 1899 stetere,
1088 1835 1150 1886 tra-

249 1927 359 2003 ximus,
378 1925 434 1988 sub
445 1927 513 1987 Joh.
527 1923 739 1985 hebensteinio
756 1922 915 1999 serviliter,
936 1931 1042 2002 postea
1062 1927 1150 1988 Gott-

249 2028 339 2103 iridio
369 2024 588 2103 Schweikhelio
614 2023 826 2086 commissariis
860 2023 1013 2086 liberalius
1047 2025 1165 2104 habiti„

249 2129 328 2189 vitae
349 2134 449 2189 tamen
470 2126 612 2205 subsidiis
633 2125 741 2187 civium
763 2123 974 2186 benevolentia
996 2145 1148 2208 uunquam

250 2228 415 2292 subductis.
463 2230 581 2288 luterea
604 2226 665 2286 sato
687 2244 868 2286 concessere
890 2245 927 2286 ex
948 2227 1051 2288 amicis
1071 2228 1148 2290 inte-

249 2328 383 2391 rioribus
415 2329 522 2410 aliqui,
554 2334 644 2407 atque
674 2326 841 2388 nobiliores
871 2328 941 2389 doh.
974 2328 1148 2392 Gerhardus

248 2429 382 2509 palmare
411 2429 505 2490 decus
531 2430 581 2488 16.
604 2426 669 2488 Cal.
698 2428 851 2507 Septemb.
880 2429 949 2490 anni
981 2431 1147 2509 superioris

249 2529 438 2609 irreparabili
459 2528 604 2590 ecclesiae
620 2527 739 2604 jactura
761 2529 925 2604 extinctus,
955 2531 1053 2592 Lucas
1076 2531 1147 2593 Osi-

249 2627 438 2706 auder¹'⁹),
460 2629 567 2690 summi
588 2628 700 2706 ingenii
720 2636 750 2689 et
770 2628 942 2708 multiplicis
959 2631 1146 2707 eruditionis,

248 2731 384 2792 moribus
410 2736 508 2790 tamen
530 2730 631 2808 dispar
663 2728 823 2808 theologus
856 2731 904 2790 10.
917 2729 1008 2810 Aug„
1035 2731 1147 2793 Erhar·

249 2833 306 2892 dus
327 2829 537 2910 Machtolphus
562 2829 635 2892 tanti
655 2848 674 2888 a
698 2849 746 2890 me
766 2828 952 2906 aestimatus,
979 2832 1051 2894 olim
1072 2853 1145 2914 ago·

247 2932 366 2993 uiarum
386 2931 488 2992 socius
509 2931 559 2992 27.
571 2931 665 3009 Sept,
686 2929 844 2990 Zacharias
858 2928 1146 3012 Schaefferuspoeta

249 3043 280 3094 et
300 3040 405 3094 orator
424 3032 585 3094 admodum
607 3031 737 3092 disertus
759 3032 787 3090 5.
802 3030 916 3107 Martii,
944 3039 973 3092 et
994 3033 1145 3114 Georgius

250 3134 331 3194 Geer
362 3132 553 3193 alumnorum
578 3130 723 3211 principis
755 3130 785 3190 in
811 3130 1017 3210 Hirsaugiensi
1041 3135 1144 3196 schola

247 3253 304 3313 per
317 3232 429 3294 multos
443 3252 540 3294 annos
561 3238 672 3306 rector,
691 3230 828 3292 libertate
850 3238 879 3292 et
898 3230 1075 3294 liberalitate
1093 3253 1143 3294 ce-

246 3334 341 3396 lebris
362 3335 392 3395 3.
408 3333 491 3412 Sept.
528 3333 577 3409 Ex
598 3332 713 3394 civibus
732 3333 861 3394 lohann.
874 3332 979 3394 Jacob.
994 3336 1143 3396 Doertcu-

246 3436 324 3496 bach
351 3441 382 3496 et
407 3432 645 3510 christophorus
671 3433 873 3508 Demmlerus,
904 3454 995 3514 supra
1021 3433 1142 3512 vulgum
1198 3419 1200 3423 ¹

247 3535 371 3612 majoris
393 3533 482 3594 animi
504 3540 534 3594 et
550 3533 669 3609 judicii,
691 3553 726 3594 ac
747 3533 830 3611 mihi,
859 3536 928 3596 dum
950 3555 999 3596 res
1020 3541 1142 3596 nostrae

908 3639 946 3696 12
