3025 4409
325 505 387 563 ‘ma
592 495 673 548 Liber
689 493 732 546 Vl.
767 492 949 548 ruta-1649.

328 655 453 718 amicitia
475 653 601 714 subinde
617 649 761 721 lubricus,
782 650 899 709 tandem
916 647 1004 708 bilem
1018 663 1136 707 onlnem
1154 665 1225 704 cum

329 759 441 838 ingenti
463 753 625 833 supercilio
648 761 677 810 et
698 750 860 828 petulantia
879 747 980 808 iulami
991 749 1040 806 17.
1054 747 1136 825 Sept.
1150 765 1226 805 evo-

329 861 410 934 muit,
432 878 519 938 quem
542 871 683 915 coercere
705 859 734 911 et
754 851 938 930 prostituere
958 868 1026 908 cum
1044 847 1075 906 in
1095 845 1224 924 proclivi

329 963 446 1033 luisset,
475 957 635 1035 multisque
664 953 794 1013 cordatis
816 948 965 1010 temeritas
987 951 1060 1008 haec
1083 946 1224 1020 doluerit,

328 1065 375 1124 vir
392 1071 489 1122 tamen
512 1075 643 1118 summae
665 1051 844 1132 dignationis
866 1049 1039 1124 intervenit,
1062 1047 1226 1128 maluitque

330 1163 467 1244 publicae
492 1155 695 1236 tranquillitati
723 1153 865 1232 privatam
888 1150 1025 1227 iujuriam
1047 1148 1224 1219 condonari,

331 1285 419 1346 qnam
441 1259 585 1321 ecclesiae
610 1253 800 1316 insidiatores
827 1258 856 1311 et
877 1249 1078 1311 cunicularios
1100 1267 1137 1308 ex
1158 1268 1226 1308 mu-

330 1376 381 1427 tua
408 1361 565 1424 collisione
585 1357 676 1416 risum
697 1353 876 1432 lucrumque
904 1369 1021 1429 capere.
1060 1350 1147 1410 Unde
1175 1367 1226 1408 res

331 1467 381 1526 23.
400 1460 525 1523 Octobr.
545 1458 586 1518 ita
612 1462 657 1515 est
678 1453 860 1532 composita,
886 1457 919 1510 ut
941 1469 997 1529 ego
1018 1469 1173 1510 morosum
1196 1456 1228 1508 et

330 1565 445 1626 varium
470 1559 619 1621 bominem
650 1555 731 1616 omui
764 1555 888 1632 posthac
914 1552 974 1612 vita
1001 1551 1165 1611 cavendnm
1196 1557 1226 1609 et

330 1665 481 1727 vitandum
493 1660 563 1721 mibi
575 1677 722 1718 censeam.
753 1655 868 1715 Addam
879 1659 916 1712 et
937 1652 1062 1726 tertiam,
1084 1651 1138 1710 sed
1155 1669 1225 1709 cum

332 1786 419 1828 sacro
440 1763 552 1842 pariter
575 1767 604 1818 et
619 1757 753 1834 justitiae
774 1753 902 1832 collegio
925 1771 1121 1812 communem.
1161 1752 1225 1812 Ru-

332 1869 461 1948 dolplms
477 1857 732 1934 Sclialterus²⁴¹)
755 1855 898 1936 principis
921 1853 976 1913 mei
998 1852 1144 1925 alrannus,
1166 1853 1226 1912 lroc

330 1971 426 2032 inscio
454 1963 599 2026 ecclesiae
621 1957 854 2037 Gampidoneusi
881 1955 1015 2014 minister
1040 1952 1157 2013 additus
1186 1972 1223 2011 ex

332 2074 447 2153 privata
465 2083 556 2126 causa
578 2060 726 2140 publicem
748 2059 873 2128 fecerat,
892 2061 1043 2133 totamque
1059 2053 1163 2112 urbem
1184 2053 1226 2112 ita

329 2173 477 2244 turbarat,
503 2173 536 2225 ut
557 2161 648 2222 exitio
676 2158 812 2239 proxima
837 2156 998 2215 videretur.
1042 2153 1115 2231 Ejus
1137 2171 1224 2214 coer-

332 2274 420 2337 cendi
445 2290 512 2329 cum
533 2261 614 2324 varia
637 2259 764 2320 consilia
790 2257 987 2334 agitarentur,
1016 2254 1052 2314 iis
1074 2253 1225 2314 contraria

331 2389 394 2437 arte
421 2370 513 2432 elusis
539 2374 656 2440 tempus
683 2359 809 2420 subinde
832 2363 877 2418 est
897 2361 1094 2434 protractum,
1122 2355 1224 2436 etqui

331 2487 452 2538 autores
473 2469 600 2529 luissent
619 2459 746 2541 principi
769 2458 797 2517 in
819 2455 973 2516 seditionis
990 2455 1070 2515 iaces
1092 2455 1225 2515 animad-

330 2571 476 2645 vertendi,
490 2563 634 2644 increpiti.
655 2561 787 2621 Tandem
801 2557 884 2618 missi
901 2556 937 2616 ab
952 2555 1027 2615 urbe
1038 2555 1136 2634 legati,
1154 2575 1223 2634 pre-

332 2679 415 2740 cibus
436 2682 470 2734 ut
491 2666 702 2730 exaudirentur
723 2657 901 2721 enixissimis
923 2655 1123 2735 pervicemnt.
1164 2656 1226 2716 Ne·

329 2778 442 2858 gotium
464 2793 531 2833 cum
553 2766 656 2845 legatis
679 2760 825 2823 tractandi
846 2759 913 2818 milri
937 2766 966 2818 et
994 2759 1029 2816 l).
1049 2757 1225 2817 Bernhardo

329 2880 459 2942 Planero
485 2875 535 2932 29.
550 2869 629 2929 Nov.
652 2871 698 2926 est
714 2861 923 2933 commissum,
951 2867 1040 2938 atque
1062 2857 1101 2916 ita
1123 2858 1226 2916 eonfe-

331 2988 420 3053 ctum,
442 2983 475 3036 ut
498 2991 551 3051 spe
573 2965 676 3028 salutis
697 2961 869 3042 plenissima
890 2959 933 3019 illi
948 2957 1082 3030 abierint,
1104 2965 1223 3032 eveum,

332 3083 369 3142 de
390 3097 451 3160 quo
472 3069 642 3154 posteriore
663 3084 742 3126 aurio
764 3061 944 3135 videbimus,
972 3059 1052 3120 lucta
1079 3077 1151 3118 sane
1181 3079 1224 3134 ea,

332 3201 408 3264 quae
427 3174 523 3255 Apapi
540 3169 714 3249 mysterium
730 3172 825 3226 totum
841 3159 1014 3241 prodiderit.
1045 3161 1123 3219 llum
1146 3159 1224 3219 enim

330 3285 411 3363 viget
432 3281 497 3355 eJus
519 3273 701 3339 dominatus,
728 3265 828 3326 omnia
849 3269 931 3323 recta
952 3260 1076 3321 consilia
1099 3261 1225 3320 frustra-

246 3452 248 3455 ,
330 3404 388 3445 nea
416 3385 500 3451 suut,
529 3375 586 3435 nisi
607 3371 728 3431 Christo
750 3366 867 3426 vindice
889 3361 1088 3442 praevaleant.
1132 3361 1223 3436 Quod

330 3486 408 3546 idem
429 3483 459 3542 iu
487 3475 603 3556 legibus
625 3467 815 3549 sumptuariis
838 3465 908 3542 (pro
931 3460 1039 3542 quibus
1062 3461 1223 3538 impetran-

332 3585 377 3645 dis
397 3592 480 3644 tanto
502 3579 570 3639 uisu
590 3569 806 3643 laboravimus)
824 3561 979 3626 eludendis
995 3560 1132 3636 vidimuS,
1155 3581 1222 3620 oum
