3025 4409
342 487 401 550 180
520 502 523 508 ·
603 484 685 538 Liber
701 483 743 536 lV.
781 481 958 570 nnn—1639

340 650 422 710 tione
448 644 583 726 reliquit,
608 643 798 721 animumque
828 661 914 702 suum
941 641 970 701 in
999 639 1070 700 Clu.
1086 638 1236 700 Zellerum

342 749 486 828 collegam
498 765 606 819 meum,
629 763 718 824 quern
732 761 949 820 suggesseram,
967 741 1123 802 convertit.
1155 741 1235 800 Jam-

342 871 400 932 que
426 850 503 910 adeo
531 848 651 908 domum
681 863 776 903 ovans
805 843 1019 922 properabam,
1053 861 1120 902 cum
1151 840 1237 900 amici

341 950 554 1012 conscientiam
585 946 738 1021 vellicant,
773 966 860 1026 quam
893 945 1071 1018 sauciarem,
1110 943 1135 1003 si
1167 944 1236 1004 dum

342 1051 411 1111 mibi
439 1049 644 1122 consulerem,
677 1046 822 1106 ecclesiae
848 1063 966 1106 causam
995 1046 1179 1119 desererem,
1208 1052 1237 1103 et

340 1151 464 1212 aemulis
486 1149 559 1210 meis
581 1148 674 1207 risum
695 1147 838 1219 lacerem,
865 1145 924 1205 imo
947 1154 976 1206 et
997 1146 1176 1223 triumphum
1199 1145 1236 1204 de

341 1250 430 1328 me*)
446 1249 535 1311 animi
550 1247 672 1308 mollitie
688 1248 834 1306 cederem.
865 1244 1069 1314 Consisterem
1087 1247 1187 1324 potius
1205 1247 1236 1306 in

340 1373 439 1426 arena,
460 1351 509 1410 vel
531 1349 684 1426 tantisper,
706 1348 775 1407 dum
797 1348 907 1406 larvam
925 1347 1013 1406 livori
1031 1345 1235 1419 detraxissem,

341 1463 370 1513 et
398 1451 563 1532 principem
590 1449 627 1508 ab
654 1448 736 1508 omni
764 1447 907 1525 scrupulo
937 1448 1025 1526 plene
1052 1447 1235 1508 liberassem.

341 1553 425 1614 Fecit
445 1550 583 1631 proiecto
605 1549 807 1608 conscientiae
833 1567 942 1627 angor,
972 1555 1004 1607 ut
1028 1548 1136 1608 virium
1157 1566 1236 1606 mea-

340 1675 416 1727 rum,
438 1650 549 1731 ingenii
567 1651 653 1725 juxta
674 1655 703 1710 el
724 1647 898 1727 corpusculi
919 1649 949 1708 in
967 1649 1052 1708 aulae
1069 1646 1235 1708 ministerio

339 1755 378 1814 ad
404 1758 549 1814 semestre
576 1749 744 1829 pericnlum
772 1751 914 1823 lacerem,
948 1750 973 1808 si
1001 1748 1119 1828 quidem
1146 1748 1235 1808 sedes

339 1873 405 1914 mea
425 1854 539 1914 interea
559 1861 679 1912 vacaret
706 1852 794 1932 eique
820 1853 969 1916 curandae
996 1849 1112 1927 collega
1133 1849 1232 1908 Zelle-

339 1976 392 2017 rns
430 1976 498 2016 cum
529 1954 628 2014 bonae
655 1960 745 2013 notae
780 1955 865 2014 socio
897 1953 998 2034 aliquo
1033 1949 1233 2024 adhiberetur,

339 2064 372 2116 ut
397 2056 449 2137 qui
474 2073 553 2115 unus
575 2055 637 2130 jam
665 2073 721 2131 per
746 2054 906 2115 triennium
935 2054 1023 2114 tidem
1049 2056 1139 2129 atque
1159 2069 1233 2110 con-

338 2156 472 2218 cordiam
500 2173 592 2233 supra
618 2173 723 2214 omues
750 2155 868 2232 priores
895 2153 964 2214 mihi
992 2151 1164 2232 probasset,
1197 2171 1233 2212 ac

339 2257 391 2338 qui
416 2262 551 2329 caveret,
583 2273 622 2314 ne
649 2253 721 2333 quid
746 2253 915 2316 detrimenti
942 2252 1069 2315 ecclesia
1096 2273 1160 2312 mea
1188 2259 1233 2314 tot

339 2355 501 2418 sudoribus
529 2354 603 2414 meis
630 2353 797 2431 composita
824 2363 957 2434 caperet,
990 2375 1007 2414 a
1032 2371 1079 2412 me
1106 2352 1233 2414 idoneus

334 2455 535 2533 judicaretur,
561 2463 633 2533 post
658 2453 683 2514 si
710 2453 747 2512 de
773 2474 838 2515 mea
864 2454 1013 2516 debilitate
1040 2457 1231 2531 constitisset,

338 2555 410 2616 mibi
436 2553 572 2628 cederet,
601 2554 686 2614 etin
713 2554 799 2614 aulae
821 2555 922 2616 officio
944 2555 1128 2618 succederet.
1169 2555 1231 2617 Ad-

338 2657 418 2717 misit
437 2655 642 2717 conditionem
661 2654 936 2734 indulgentissimus
956 2657 1112 2736 princeps,
1140 2662 1232 2717 testa-

338 2765 447 2836 tusque
466 2755 550 2818 nolle
570 2777 604 2818 se
625 2756 696 2817 mihi
714 2755 809 2835 magis
830 2775 898 2817 esse
918 2775 1049 2835 gravem,
1061 2777 1159 2839 ·quam
1177 2757 1232 2820 be-

338 2856 481 2932 neficum,
514 2857 624 2919 librare
649 2859 726 2918 hanc
749 2857 935 2936 provinciam
964 2877 1032 2919 cum
1058 2857 1172 2920 viribus
1201 2859 1232 2918 in

339 2963 513 3038 sequentem
539 2977 649 3018 annum
675 2957 824 3037 permisit,
853 2977 889 3020 eo
918 2965 1040 3035 eventu,
1068 2979 1156 3041 quem
1175 2961 1230 3021 do-

338 3059 435 3119 miuus
465 3057 636 3138 providebit
669 3058 792 3140 diesque
825 3057 953 3120 docebit.
1001 3059 1062 3120 Res
1089 3061 1231 3140 privatae,

339 3180 398 3242 qua
418 3159 556 3239 corporis
577 3159 786 3234 valetudinem,
808 3179 867 3239 qua
887 3159 1025 3220 fortunae
1044 3180 1168 3222 munera
1182 3179 1230 3221 sa-

337 3262 376 3324 tis
401 3259 558 3322 commode
584 3260 760 3322 habuerunt.
809 3258 910 3322 Minor
931 3259 991 3320 filia
1010 3261 1112 3341 Agnes
1133 3260 1227 3322 Elisa·

335 3362 424 3426 betha
461 3362 527 3424 viro
559 3360 686 3422 honesto
718 3361 787 3422 lob.
817 3359 936 3421 Rielino
968 3359 1093 3422 feliciter
1128 3361 1230 3440 nupsit

401 3575 427 3645 ⁸)
443 3575 544 3630 coru:
570 3587 632 3627 mea
650 3572 738 3628 ammi.
