3025 4409
345 495 404 554 108
610 487 691 541 Liber
706 487 749 540 ΙΙΙ.
784 485 966 542 reno-1630.

342 646 481 706 bularent
502 651 532 706 et
551 643 659 704 civium
680 641 809 718 sedes*)
832 643 1015 718 obsiderent,
1039 662 1144 724 magna
1165 663 1240 704 cura

344 754 374 808 et
399 745 513 807 difficili
533 745 738 806 efformatione
764 743 795 804 id
816 743 915 818 effeci,
944 752 977 806 ut
1003 744 1124 823 publica
1145 745 1239 824 stipes

344 846 453 908 viritim
474 845 676 924 colligeretur,
699 865 776 926 quae
799 851 827 904 et
848 842 957 904 civium
977 845 1149 917 necessitati
1169 865 1240 906 suc-

344 953 480 1008 curreret
506 953 537 1005 et
559 946 690 1007 advenas
716 943 869 1006 tolerabili
900 944 1008 1006 viatico
1036 952 1239 1024 promoveret.

344 1047 440 1125 Cujus
462 1045 518 1108 etsi
538 1046 589 1105 vix
610 1047 730 1107 tandem
750 1043 898 1124 impetrati
919 1045 1038 1107 consilii
1059 1047 1085 1108 is
1106 1065 1238 1126 proven-

344 1158 392 1212 tus
414 1146 484 1220 luit,
511 1154 545 1208 ut
564 1145 601 1206 ab
623 1148 681 1208 boc
702 1155 838 1224 tempore
859 1163 955 1225 usque
976 1146 1014 1206 ad
1035 1147 1073 1207 31
1098 1166 1159 1228 quo
1187 1167 1239 1208 ex·
1341 1177 1343 1182 .

342 1248 451 1327 pitavit
475 1266 599 1321 annum,
627 1247 707 1308 ultra
734 1247 857 1328 centies
876 1245 977 1307 decies
1004 1247 1085 1308 mille
1104 1247 1240 1326 indigen-

344 1349 416 1410 tium
436 1348 564 1426 paverit,
580 1347 695 1425 juverit
715 1355 804 1428 atque
826 1347 1037 1423 transmiserit,
1064 1348 1143 1410 haud
1165 1367 1240 1409 con·-

343 1450 503 1510 temnendo
529 1449 568 1510 ad
593 1455 734 1528 posteros
761 1448 915 1528 exemplo,
944 1456 1086 1528 quantum
1108 1449 1239 1508 conferri

343 1550 381 1609 ab
412 1550 519 1628 exigua
546 1549 655 1610 civium
681 1568 771 1608 mauu
797 1548 908 1626 possit,
938 1549 963 1610 si
984 1567 1088 1610 omnes
1110 1548 1140 1608 in
1162 1549 1238 1609 cari-

343 1658 431 1712 tatem
458 1651 647 1712 christianam
673 1648 848 1728 conspirent
875 1657 905 1710 et
931 1650 1070 1712 rusticam
1091 1649 1171 1710 illam
1193 1657 1238 1708 te-

342 1751 499 1812 nacitatem
526 1753 624 1831 (quae
651 1751 814 1812 multorum
846 1749 928 1811 iores
957 1751 1088 1828 claudit)
1117 1749 1238 1828 abigere

342 1853 494 1914 indefesso
515 1853 615 1914 studio
637 1851 827 1914 contendant.
1196 1919 1197 1923 Ἰ

385 1953 446 2030 Qui
471 1962 594 2014 secutus
619 1961 666 2015 est
685 1972 782 2014 annus
805 1953 895 2014 1627.
918 1973 986 2014 curn
1008 1950 1145 2033 sequenti
1163 1969 1237 2030 pro-

342 2054 501 2133 pemodum
531 2060 613 2114 totus
639 2053 723 2113 aedis
749 2072 853 2114 sacrae
880 2053 1001 2131 maj0ris
1028 2059 1090 2113 tum
1112 2051 1237 2114 minoris

341 2155 429 2216 etiam
453 2154 485 2214 in
509 2153 649 2233 hospitali
674 2161 842 2214 structurae
864 2160 893 2214 et
913 2151 1102 2216 exornationi
1122 2151 1237 2230 impen-

341 2274 394 2318 sus
421 2260 480 2328 est,
509 2273 577 2314 cum
602 2252 653 2314 illa
674 2260 705 2314 et
724 2251 879 2332 angustior
901 2259 931 2314 ct
951 2253 1050 2314 minus
1071 2252 1236 2313 commodis

342 2355 486 2416 sedilibus
513 2355 638 2415 distorta
664 2360 758 2426 esset,
791 2354 865 2414 haec
897 2353 986 2432 plane
1021 2353 1172 2412 destructa
1207 2361 1261 2413 et‘

342 2456 402 2518 situ
412 2453 551 2535 squalido
559 2455 683 2530 jaceret.
716 2454 881 2534 Utrumque
897 2458 1011 2532 majore
1026 2452 1136 2514 invidia
1147 2474 1236 2534 quam

341 2576 418 2640 quae
443 2552 609 2616 debebatur
634 2553 729 2632 gratia
753 2555 863 2616 factum
890 2564 948 2632 est,
976 2575 1043 2618 cum
1064 2552 1154 2616 nullis
1176 2555 1235 2614 rei-

340 2657 423 2738 publ.
441 2654 601 2734 impensis,
627 2655 682 2713 sed
703 2655 812 2716 civium
833 2675 998 2738 eorumque
1014 2673 1235 2735 perpaucorum

247 2821 253 2838 ‚
340 2756 456 2819 liberali
482 2754 610 2816 collecta
629 2775 719 2818 manu
746 2777 796 2818 res
817 2758 914 2818 omnis
935 2755 1150 2831 conficeretur,
1178 2777 1236 2818 neo

340 2859 460 2920 diversa
478 2854 675 2918 sentientibus
697 2864 727 2918 et
743 2863 862 2936 praeter
877 2856 1124 2918 architectonicos
1140 2865 1235 2920 artem

340 2959 554 3039 imperantibus
575 2958 714 3019 satisfieri
733 2958 866 3039 undique
886 2963 1000 3036 posset.
1037 2957 1107 3032 Quo
1128 2957 1158 3018 in
1181 2979 1234 3020 ue-

341 3061 424 3142 gotio
445 3079 598 3141 nunquam
623 3060 749 3120 tacenda
776 3069 821 3120 est
842 3056 1051 3136 christophori
1069 3058 1233 3120 Demmleri

341 3161 556 3234 munificentia,
585 3164 671 3237 cujus
700 3159 866 3238 sumptibus
893 3177 989 3238 prope
1016 3158 1167 3220 dimidium
1190 3160 1234 3220 rei

341 3264 486 3337 effectum,
508 3262 675 3323 constantia
694 3281 770 3322 vero
792 3259 918 3322 invidiae
940 3260 1022 3322 virus
1036 3279 1234 3339 suppressum

342 3374 395 3427 est.
428 3365 507 3426 Sane
528 3370 647 3442 praeter
667 3361 818 3442 elegantes
834 3361 974 3441 picturas
997 3381 1073 3442 quae
1092 3365 1162 3426 8⁰⁰.
1175 3365 1234 3426 cir.

343 3505 482 3514 ——--..-.----

408 3578 434 3646 *)
452 3575 519 3630 Cod.
538 3577 568 3630 rt
586 3576 616 3630 B.
635 3580 663 3628 ct
680 3592 718 3630 a:
741 3574 830 3630 aedes
