3025 4409
339 475 400 540 Μ
600 464 681 522 biber
696 464 741 523 tv,
776 463 960 524 1630-1639.

338 625 423 689 urbis
448 624 615 688 ministerio
643 623 783 687 convivio
810 623 841 684 in
866 621 948 684 Frid.
970 619 1110 701 lleupelii
1135 621 1174 683 ad
1195 623 1235 684 D.

337 725 487 788 Willrelm.
500 725 630 806 pastoris
646 725 771 788 aedibus
789 723 959 804 exciperet,
978 721 1032 784 ubi
1049 723 1235 803 praetendo.

339 829 450 909 Georg.
472 825 761 905 Dorschaeum¹⁷²)
788 825 887 906 magni
909 823 1038 886 nominis
1059 821 1235 903 theologum

337 935 368 992 et
386 930 436 992 lo.
454 930 577 990 Petrum
599 927 761 994 Pistorium
781 926 852 989 Divi
867 925 986 988 Nicolai
1006 933 1159 1006 pastorem
1178 928 1234 989 du-

337 1031 408 1094 dum
435 1030 618 1092 familiariter
649 1029 804 1110 cognitos,
841 1027 888 1090 Jc.
918 1025 1050 1089 Oonrad.
1076 1030 1235 1091 Danhaue-

336 1130 486 1209 numm)
509 1139 539 1193 et
558 1131 705 1194 Jacobum
717 1129 904 1192 Schellerum
923 1128 1058 1191 celebres
1076 1131 1234 1209 professo·

336 1251 399 1303 res,
420 1231 688 1310 Schellernm¹⁷⁴)
708 1231 913 1294 venerandum
930 1250 1042 1308 senem,
1064 1232 1235 1296 Samuelem

337 1331 535 1396 Schellesium
556 1341 586 1396 et
600 1333 734 1416 reliquos
752 1333 830 1395 sacri
846 1331 967 1412 collegii
982 1333 1149 1412 symmistes
1164 1355 1235 1422 cum

337 1433 511 1513 dignissimo
543 1435 682 1514 praeside
710 1434 862 1497 Schmidic
889 1434 1021 1496 unanimi
1048 1455 1163 1498 corona
1183 1436 1231 1497 in·

336 1534 416 1597 tueri
443 1543 473 1598 et
499 1534 537 1596 ab
564 1536 601 1598 iis
626 1537 657 1598 in
683 1543 804 1599 mutuae
824 1535 970 1598 amicitiae
991 1536 1166 1600 societatem
1187 1537 1235 1598 in-

281 1669 283 1672 >
336 1635 462 1698 trcmitti
481 1635 575 1700 licuit.
623 1639 671 1701 ltu
699 1639 858 1721 redituque
880 1637 952 1700 felix
973 1638 1094 1700 domum
1116 1639 1164 1701 16.
1185 1658 1235 1699 re-

336 1738 410 1820 petii
435 1745 465 1800 et
490 1737 621 1800 Noricae
650 1740 850 1820 expectationi
875 1738 1018 1802 nuncium
1045 1741 1161 1816 remisi,
1191 1741 1236 1802 sic

335 1848 448 1917 tamen,
469 1845 503 1902 ut
523 1860 580 1920 pro
602 1841 709 1904 sedulo
731 1841 872 1904 Sauberti
893 1848 922 1903 et
942 1841 1106 1903 amicorum
1131 1841 1234 1903 officio

336 1949 367 2005 et
391 1943 491 2005 studio
519 1950 656 2006 aeternas
683 1944 793 2023 gratias
814 1942 947 2003 debeam.
994 1943 1135 2006 Fabricio
1157 1943 1236 2005 Sau-

335 2046 440 2109 bertus
465 2043 626 2120 successit,
651 2045 720 2107 huic
748 2043 910 2105 Cornelius
937 2043 1048 2122 Marci,
1074 2065 1131 2107 nec
1158 2046 1235 2126 scio,

335 2148 388 2230 qui
413 2147 463 2209 nlii
484 2146 544 2209 sint
565 2147 669 2223 secuti,
690 2145 800 2227 quibus
820 2147 904 2207 Deus
926 2146 1047 2225 aspiret.
1079 2146 1235 2228 Augustus

335 2250 457 2325 mensis,
480 2248 533 2330 qui
552 2247 730 2329 plerumque
750 2247 821 2308 milri
842 2246 948 2324 fatalis,
972 2248 1109 2314 funestus
1130 2250 1236 2312 admo·

335 2353 407 2414 dum
439 2350 509 2425 luit,
543 2347 670 2428 cujus*)
698 2349 789 2411 natali
820 2369 888 2412 meo
920 2368 1011 2411 soror
1045 2349 1235 2433 Margaretba

334 2453 415 2514 diem
436 2450 525 2526 obiit,
554 2456 583 2510 et
603 2471 650 2524 me
671 2451 808 2513 ultimum
828 2450 993 2513 liberorum
1012 2458 1154 2532 paternae
1177 2455 1234 2516 do-

334 2574 402 2617 mus
423 2551 553 2633 reliquit.
585 2551 631 2612 Ex
653 2554 740 2632 cujus
762 2557 941 2634 angustare
962 2553 1090 2618 filiarum
1112 2557 1234 2620 minima

335 2655 452 2737 Sibylla
464 2653 504 2713 12
519 2671 667 2716 annorum
678 2655 858 2717 haereditate
870 2653 941 2715 mihi
953 2655 1052 2732 cessit,
1066 2664 1100 2720 ut
1111 2659 1174 2736 jam
1185 2664 1235 2720 tc-

334 2759 395 2820 tius
408 2756 629 2836 propemodum
642 2757 770 2819 familiae
786 2763 902 2838 egestas
923 2758 991 2820 unis
1003 2759 1076 2822 meis
1090 2762 1153 2839 jem
1164 2767 1234 2823 ante

335 2860 464 2942 latigatis
477 2858 608 2922 humeris
628 2855 876 2935 incumbant**).
919 2860 1014 2924 Paulo
1035 2869 1104 2924 ante
1125 2883 1234 2944 nempe

335 2965 365 3025 8.
379 2961 456 3042 Aug.
478 2962 529 3023 vix
555 2960 637 3022 mille
664 2960 701 3022 ab
728 2960 804 3023 urbe
829 2961 968 3041 passibus
994 2964 1025 3025 in
1049 2965 1235 3046 manipulum

334 3063 487 3127 latronum
507 3062 684 3141 incideram,
712 3063 765 3144 qui
782 3082 829 3124 me
850 3062 927 3126 male
948 3065 1136 3145 mulctatum,
1166 3075 1232 3130 tan-

337 3166 465 3247 demque
486 3164 668 3227 bombardae
688 3163 719 3224 in
734 3171 842 3244 pectus
863 3167 998 3232 violento
1017 3169 1148 3250 impactu
1164 3189 1235 3233 sau-

335 3267 431 3345 cium,
462 3286 521 3329 nec
547 3265 606 3328 nisi
630 3268 822 3346 praepotenti
847 3269 970 3332 dextera
995 3271 1055 3333 Dei
1082 3278 1234 3336 servatum

336 3368 456 3432 timuit.
488 3369 566 3431 llinc
586 3368 683 3431 secuti
701 3371 899 3449 punctionum
920 3373 1143 3455 exquisitissimi
1164 3395 1235 3437 cru-

405 3515 435 3586 l)
453 3515 521 3573 cod.
537 3520 567 3572 A.
584 3515 616 3570 B.
634 3519 662 3570 et
679 3532 716 3571 a.:
739 3519 817 3589 cujus
834 3519 874 3579 17.

388 3599 434 3675 ἣ)
451 3600 551 3658 cortu:
573 3602 720 3658 incumbat.
