3025 4409
340 497 402 554 2⁴⁰
614 490 694 542 Liber
709 489 752 543 Vl.
772 489 956 545 liidie-1649.

339 646 487 707 haerentis
514 652 545 706 et
570 647 726 724 symboloe
762 647 928 708 Etiamnum
955 647 1041 708 viret.
1080 644 1234 707 Convivas

340 747 428 807 liabui
449 747 566 807 Gratias
593 755 713 808 nostras
739 754 770 808 et
791 746 901 808 Calvae
928 747 959 808 in
979 745 1105 807 aedibus
1130 749 1236 826 generi

341 848 466 908 Walteri
493 854 521 907 1.
539 848 611 908 Julii
640 856 670 908 et
689 849 737 908 hic
763 849 843 908 domi
870 849 918 907 15.
941 847 1021 924 Maji.
1068 848 1168 909 Rediit
1194 850 1235 908 ad

341 968 387 1008 me
404 967 500 1027 nepos
512 949 581 1010 Jolr.
596 949 711 1010 Valent.
723 949 861 1009 Andreae
872 967 948 1026 puer
959 947 1093 1008 curabilis
1106 950 1135 1010 7.
1149 949 1235 1028 Sept.

341 1050 487 1111 Salarium
510 1069 546 1110 ex
567 1051 686 1128 publica
706 1050 841 1110 ubertate
864 1058 893 1108 et
910 1048 1077 1108 incredibili
1096 1068 1236 1110 annonae

340 1151 461 1225 vilitate,
474 1151 616 1229 amphora
629 1149 728 1210 vini²⁶
738 1149 766 1227 ¹)
781 1152 808 1210 5.
822 1156 851 1209 et
863 1151 883 1208 6
895 1149 1028 1223 florenis,
1045 1150 1147 1210 modio
1160 1151 1236 1210 ado-

340 1252 382 1312 ris
402 1255 430 1312 1.
444 1252 549 1311 floren.
567 1250 738 1325 aestimatis,
760 1250 830 1310 satis
845 1249 1008 1310 liberaliter
1022 1249 1163 1325 solutum,
1185 1270 1236 1310 re-

339 1351 421 1431 liqna
441 1358 474 1410 ut
495 1350 525 1409 in
545 1350 637 1411 rebus
655 1350 780 1425 luxatis,
803 1349 881 1411 inter
898 1370 980 1429 spem
998 1359 1027 1410 et
1044 1357 1153 1410 metum
1169 1359 1238 1412 acta

340 1451 525 1531 tolerataque
552 1458 630 1512 sunt.
683 1453 762 1511 Dum
789 1449 868 1510 lenta
896 1451 978 1530 pacis
1006 1451 1142 1511 tractatio
1170 1451 1237 1512 ani-

339 1572 406 1614 mos
433 1552 585 1612 hominum
613 1550 783 1630 suspendit,
812 1569 895 1611 meae
923 1551 1010 1612 etiam
1037 1552 1120 1612 rudis
1141 1554 1237 1631 petita

339 1653 370 1714 in
387 1660 474 1732 partu
494 1652 603 1727 haesit,
625 1673 681 1712 neo
703 1651 852 1712 movendo
873 1652 1046 1730 promoveri
1067 1652 1235 1714 difficilimo

340 1756 398 1815 boc
418 1773 497 1814 anno
519 1755 559 1815 47
577 1755 684 1833 potuit.
716 1754 822 1814 Paravi
840 1760 936 1812 tamen
956 1752 1024 1811 mihi
1043 1752 1073 1811 in
1092 1763 1234 1814 eventum

339 1855 499 1935 hospitium
527 1853 678 1934 aliquanto
699 1853 796 1914 laxius
819 1854 869 1912 26.
891 1853 968 1927 lan,
990 1853 1072 1931 quod
1097 1854 1235 1914 Selenia-

340 1953 489 2031 num²⁶²>
510 1955 662 2032 appellare
683 1954 770 2015 libuit
791 1961 820 2013 et
840 1951 1058 2013 munificentiae
1079 1956 1236 2033 Augustae

340 2057 446 2118 merito
468 2054 576 2128 decuit,
597 2054 720 2115 florenis
741 2052 860 2114 circiter
880 2052 970 2128 mille,
993 2053 1044 2114 ubi
1070 2073 1119 2114 res
1140 2074 1232 2130 meae,

338 2166 373 2220 ut
392 2157 518 2236 primum
540 2173 600 2232 pax
619 2153 779 2228 affulserit,
806 2173 873 2213 cum
894 2153 976 2214 bono
998 2155 1065 2214 Deo
1087 2173 1233 2234 seponam

340 2267 370 2319 et
391 2273 583 2334 componam,
611 2253 638 2312 si
658 2255 782 2327 nemini,
810 2253 878 2313 mihi
900 2261 981 2314 certe
1002 2253 1099 2316 minus
1120 2275 1233 2316 onero-

340 2360 404 2420 sior
428 2366 457 2417 et
480 2355 549 2434 plns
575 2352 687 2413 utilior.
739 2356 840 2434 ltaque
862 2356 919 2414 hoo
941 2361 1006 2416 toto
1028 2375 1107 2416 anno
1130 2356 1232 2418 curiae

339 2457 467 2537 negotiis
498 2473 603 2533 parum
634 2455 765 2529 contuli,
797 2455 943 2516 ecclesiae
974 2463 1070 2516 tamen
1103 2476 1232 2534 pensum

339 2560 405 2622 siue
426 2557 544 2617 delectu
565 2552 658 2628 solvi,
680 2555 797 2635 collega
817 2575 884 2616 meo
906 2556 1049 2634 majorem
1070 2557 1140 2616 anni
1161 2577 1230 2636 par-

337 2668 397 2721 tem
425 2659 463 2734 (a
484 2656 532 2716 28.
552 2653 640 2714 Febr.
661 2675 758 2736 usque
787 2659 835 2716 19.
852 2655 951 2717 Martii
980 2664 1011 2716 et
1039 2658 1086 2717 11.
1105 2658 1232 2736 August

338 2777 435 2838 usque
464 2757 512 2815 12.
533 2754 690 2829 Decemb.)
717 2758 866 2817 curandae
893 2756 1056 2817 valetudini
1083 2775 1155 2817 suae
1175 2757 1232 2818 im-

338 2856 493 2939 pendenti,
514 2875 580 2915 mea
600 2857 789 2936 quantumvis
810 2855 965 2916 aldictiore
986 2857 1016 2916 in
1037 2857 1233 2918 sustinentiae

339 2969 369 3022 et
396 2955 589 3018 abstinentiae
615 2976 687 3016 cura
713 2957 825 3018 relicta.
869 2956 934 3016 Neo
962 2957 1048 3016 etiam
1075 2958 1233 3036 scriptioni

337 3065 547 3140 praeterquam
574 3056 746 3134 epistolicae
774 3065 802 3116 et
831 3056 963 3136 privatae
991 3059 1233 3120 commentationi

338 3161 464 3222 multum
475 3157 582 3216 datum.
615 3157 680 3216 Una
693 3156 832 3217 Sauberti
843 3155 918 3216 mei²
927 3157 939 3191 ⁶
948 3159 978 3233 ³)
993 3158 1103 3218 Umbra
1115 3159 1232 3220 theolo-

337 3264 403 3343 gica
423 3258 483 3320 luci
504 3257 652 3335 exposita,
674 3257 739 3336 pari
759 3258 920 3317 amicorum
942 3241 1068 3320 assensu
1085 3267 1115 3320 et
1130 3279 1232 3321 aemu-

337 3362 435 3424 lorum
456 3359 579 3433 invidia,
608 3379 684 3439 quae
703 3365 802 3424 ¹tamen
824 3357 1026 3432 reensionem,
1057 3368 1087 3418 et
1109 3359 1229 3438 elegan-

337 3464 469 3525 tissimos
490 3461 678 3521 Steruiorum
702 3468 792 3539 typos
819 3459 934 3518 meruit.
984 3461 1079 3520 Totus
1101 3459 1148 3518 hio
1176 3479 1229 3520 au-

337 3581 394 3623 nns
420 3561 553 3642 repetitis
577 3559 713 3634 comitiis,
734 3559 872 3636 cogendo
895 3541 924 3618 et
949 3558 1137 3619 corradendo
1159 3577 1228 3620 aere
