<?xml version="1.0" encoding="UTF-8"?>
<!DOCTYPE html PUBLIC "-//W3C//DTD XHTML 1.0 Transitional//EN"
    "http://www.w3.org/TR/xhtml1/DTD/xhtml1-transitional.dtd">
<html xmlns="http://www.w3.org/1999/xhtml" xml:lang="en" lang="en">
 <head>
  <title>
</title>
<meta http-equiv="Content-Type" content="text/html;charset=utf-8" />
  <meta name='ocr-system' content='tesseract 3.04.00' />
  <meta name='ocr-capabilities' content='ocr_page ocr_carea ocr_par ocr_line ocrx_word'/>
</head>
<body>
  <div class='ocr_page' id='page_1' title='image "./ioannisvalentin00andrgoog_0259.png"; bbox 0 0 3025 4409; ppageno 0'>
   <div class='ocr_carea' id='block_1_1' title="bbox 524 481 1185 548">
    <p class='ocr_par' dir='ltr' id='par_1_1' title="bbox 524 481 1185 548">
     <span class='ocr_line' id='line_1_1' title="bbox 524 481 1185 548; baseline 0.008 -12"><span class='ocrx_word' id='word_1_1' title='bbox 524 482 624 536; x_wconf 77' lang='lat' dir='ltr'><strong>Narrat</strong></span> <span class='ocrx_word' id='word_1_2' title='bbox 638 483 675 536; x_wconf 89' lang='lat' dir='ltr'><strong>de</strong></span> <span class='ocrx_word' id='word_1_3' title='bbox 689 481 774 536; x_wconf 85' lang='lat' dir='ltr'><strong>rebus</strong></span> <span class='ocrx_word' id='word_1_4' title='bbox 791 481 957 536; x_wconf 75' lang='lat' dir='ltr'><strong>domesticis.</strong></span> <span class='ocrx_word' id='word_1_5' title='bbox 1123 487 1185 548; x_wconf 72' lang='grc'><strong>249</strong></span> 
     </span>
    </p>
   </div>
   <div class='ocr_carea' id='block_1_2' title="bbox 232 635 1242 3429">
    <p class='ocr_par' dir='ltr' id='par_1_2' title="bbox 232 635 1242 3429">
     <span class='ocr_line' id='line_1_2' title="bbox 293 635 1186 717; baseline -0.001 -17"><span class='ocrx_word' id='word_1_6' title='bbox 293 636 521 700; x_wconf 86' lang='lat' dir='ltr'><strong>notabilioribus</strong></span> <span class='ocrx_word' id='word_1_7' title='bbox 545 639 716 702; x_wconf 78' lang='lat' dir='ltr'><strong>incendium</strong></span> <span class='ocrx_word' id='word_1_8' title='bbox 739 637 868 717; x_wconf 86' lang='lat' dir='ltr'><strong>Aspergi</strong></span> <span class='ocrx_word' id='word_1_9' title='bbox 892 638 948 699; x_wconf 87' lang='lat' dir='ltr'><strong>luit</strong></span> <span class='ocrx_word' id='word_1_10' title='bbox 972 635 1128 712; x_wconf 78' lang='lat' dir='ltr'><strong>30.Ju1ii,</strong></span> <span class='ocrx_word' id='word_1_11' title='bbox 1155 647 1186 700; x_wconf 92' lang='lat' dir='ltr'><strong>et</strong></span> 
     </span>
     <span class='ocr_line' id='line_1_3' title="bbox 293 735 1186 818; baseline 0 -18"><span class='ocrx_word' id='word_1_12' title='bbox 293 738 488 818; x_wconf 78' lang='lat' dir='ltr'><strong>conflagratio</strong></span> <span class='ocrx_word' id='word_1_13' title='bbox 500 738 677 814; x_wconf 78' lang='lat' dir='ltr'><strong>Wilae²⁷¹)</strong></span> <span class='ocrx_word' id='word_1_14' title='bbox 700 737 870 818; x_wconf 86' lang='lat' dir='ltr'><strong>imperialis,</strong></span> <span class='ocrx_word' id='word_1_15' title='bbox 892 756 969 818; x_wconf 91' lang='lat' dir='ltr'><strong>quae</strong></span> <span class='ocrx_word' id='word_1_16' title='bbox 989 735 1061 798; x_wconf 86' lang='lat' dir='ltr'><strong>olim</strong></span> <span class='ocrx_word' id='word_1_17' title='bbox 1072 737 1186 800; x_wconf 85' lang='lat' dir='ltr'><strong>Calvae</strong></span> 
     </span>
     <span class='ocr_line' id='line_1_4' title="bbox 291 839 1185 917; baseline 0 -17"><span class='ocrx_word' id='word_1_18' title='bbox 291 839 408 900; x_wconf 84' lang='lat' dir='ltr'><strong>vicinae</strong></span> <span class='ocrx_word' id='word_1_19' title='bbox 428 839 589 914; x_wconf 83' lang='lat' dir='ltr'><strong>insultavit,</strong></span> <span class='ocrx_word' id='word_1_20' title='bbox 610 839 797 900; x_wconf 88' lang='lat' dir='ltr'><strong>contumacia</strong></span> <span class='ocrx_word' id='word_1_21' title='bbox 818 857 873 899; x_wconf 91' lang='lat' dir='ltr'><strong>sua</strong></span> <span class='ocrx_word' id='word_1_22' title='bbox 888 857 978 917; x_wconf 87' lang='lat' dir='ltr'><strong>snpra</strong></span> <span class='ocrx_word' id='word_1_23' title='bbox 996 839 1076 900; x_wconf 81' lang='lat' dir='ltr'><strong>vines</strong></span> <span class='ocrx_word' id='word_1_24' title='bbox 1091 841 1185 900; x_wconf 86' lang='lat' dir='ltr'><strong>accita</strong></span> 
     </span>
     <span class='ocr_line' id='line_1_5' title="bbox 292 938 1185 1014; baseline 0.001 -14"><span class='ocrx_word' id='word_1_25' title='bbox 292 941 341 1001; x_wconf 72' lang='lat'><strong>2⁰.</strong></span> <span class='ocrx_word' id='word_1_26' title='bbox 357 939 482 1002; x_wconf 82' lang='lat' dir='ltr'>Octobr.</span> <span class='ocrx_word' id='word_1_27' title='bbox 526 941 643 1002; x_wconf 84' lang='lat' dir='ltr'><strong>Privata</strong></span> <span class='ocrx_word' id='word_1_28' title='bbox 662 961 728 1002; x_wconf 90' lang='lat' dir='ltr'><strong>mea</strong></span> <span class='ocrx_word' id='word_1_29' title='bbox 743 939 814 1002; x_wconf 90' lang='lat' dir='ltr'><strong>satis</strong></span> <span class='ocrx_word' id='word_1_30' title='bbox 836 938 994 1000; x_wconf 91' lang='lat' dir='ltr'><strong>commode</strong></span> <span class='ocrx_word' id='word_1_31' title='bbox 1010 941 1185 1014; x_wconf 90' lang='lat' dir='ltr'><strong>habueruut,</strong></span> 
     </span>
     <span class='ocr_line' id='line_1_6' title="bbox 291 1039 1185 1116; baseline 0 -16"><span class='ocrx_word' id='word_1_32' title='bbox 291 1040 447 1102; x_wconf 86' lang='lat' dir='ltr'><strong>vacatione</strong></span> <span class='ocrx_word' id='word_1_33' title='bbox 470 1058 616 1102; x_wconf 90' lang='lat' dir='ltr'><strong>concessa</strong></span> <span class='ocrx_word' id='word_1_34' title='bbox 640 1040 678 1101; x_wconf 88' lang='lat' dir='ltr'><strong>ab</strong></span> <span class='ocrx_word' id='word_1_35' title='bbox 706 1040 812 1102; x_wconf 90' lang='lat' dir='ltr'><strong>otiosis</strong></span> <span class='ocrx_word' id='word_1_36' title='bbox 834 1041 920 1116; x_wconf 87' lang='lat' dir='ltr'><strong>juxta</strong></span> <span class='ocrx_word' id='word_1_37' title='bbox 947 1049 977 1100; x_wconf 88' lang='lat' dir='ltr'><strong>et</strong></span> <span class='ocrx_word' id='word_1_38' title='bbox 996 1039 1109 1102; x_wconf 81' lang='lat' dir='ltr'><strong>odiosis</strong></span> <span class='ocrx_word' id='word_1_39' title='bbox 1131 1059 1185 1100; x_wconf 91' lang='lat' dir='ltr'><strong>ne-</strong></span> 
     </span>
     <span class='ocr_line' id='line_1_7' title="bbox 292 1139 1185 1222; baseline 0.002 -22"><span class='ocrx_word' id='word_1_40' title='bbox 292 1141 396 1220; x_wconf 83' lang='lat' dir='ltr'><strong>gotiis,</strong></span> <span class='ocrx_word' id='word_1_41' title='bbox 418 1161 496 1222; x_wconf 89' lang='lat' dir='ltr'><strong>quae</strong></span> <span class='ocrx_word' id='word_1_42' title='bbox 517 1148 550 1202; x_wconf 89' lang='lat' dir='ltr'><strong>ut</strong></span> <span class='ocrx_word' id='word_1_43' title='bbox 569 1141 699 1201; x_wconf 91' lang='lat' dir='ltr'><strong>animum</strong></span> <span class='ocrx_word' id='word_1_44' title='bbox 718 1139 895 1218; x_wconf 88' lang='lat' dir='ltr'><strong>percellunt,</strong></span> <span class='ocrx_word' id='word_1_45' title='bbox 917 1140 957 1202; x_wconf 92' lang='lat' dir='ltr'><strong>ita</strong></span> <span class='ocrx_word' id='word_1_46' title='bbox 976 1160 1088 1219; x_wconf 82' lang='lat' dir='ltr'><strong>eorpus</strong></span> <span class='ocrx_word' id='word_1_47' title='bbox 1108 1140 1185 1202; x_wconf 84' lang='lat' dir='ltr'><strong>aldi·</strong></span> 
     </span>
     <span class='ocr_line' id='line_1_8' title="bbox 292 1240 1184 1320; baseline 0.001 -18"><span class='ocrx_word' id='word_1_48' title='bbox 292 1254 367 1320; x_wconf 86' lang='lat' dir='ltr'><strong>gunt</strong></span> <span class='ocrx_word' id='word_1_49' title='bbox 391 1249 421 1302; x_wconf 90' lang='lat' dir='ltr'><strong>et</strong></span> <span class='ocrx_word' id='word_1_50' title='bbox 447 1241 599 1319; x_wconf 88' lang='lat' dir='ltr'><strong>dejiciunt.</strong></span> <span class='ocrx_word' id='word_1_51' title='bbox 646 1242 800 1318; x_wconf 80' lang='lat' dir='ltr'><strong>Augustus</strong></span> <span class='ocrx_word' id='word_1_52' title='bbox 827 1240 946 1319; x_wconf 87' lang='lat' dir='ltr'><strong>gemino</strong></span> <span class='ocrx_word' id='word_1_53' title='bbox 966 1249 1094 1320; x_wconf 84' lang='lat' dir='ltr'><strong>augusto</strong></span> <span class='ocrx_word' id='word_1_54' title='bbox 1120 1263 1184 1304; x_wconf 87' lang='lat' dir='ltr'><strong>rnu-</strong></span> 
     </span>
     <span class='ocr_line' id='line_1_9' title="bbox 292 1340 1242 1423; baseline 0.003 -22"><span class='ocrx_word' id='word_1_55' title='bbox 292 1359 368 1402; x_wconf 87' lang='lat' dir='ltr'><strong>nere</strong></span> <span class='ocrx_word' id='word_1_56' title='bbox 392 1361 501 1417; x_wconf 86' lang='lat' dir='ltr'><strong>aureo,</strong></span> <span class='ocrx_word' id='word_1_57' title='bbox 532 1361 660 1423; x_wconf 91' lang='lat' dir='ltr'><strong>quorum</strong></span> <span class='ocrx_word' id='word_1_58' title='bbox 687 1340 762 1401; x_wconf 88' lang='lat' dir='ltr'><strong>illud</strong></span> <span class='ocrx_word' id='word_1_59' title='bbox 789 1342 839 1402; x_wconf 78' lang='grc'><strong>23.</strong></span> <span class='ocrx_word' id='word_1_60' title='bbox 864 1341 974 1404; x_wconf 87' lang='lat' dir='ltr'><strong>Octob.</strong></span> <span class='ocrx_word' id='word_1_61' title='bbox 1002 1341 1100 1420; x_wconf 86' lang='lat' dir='ltr'><strong>imago</strong></span> <span class='ocrx_word' id='word_1_62' title='bbox 1128 1363 1183 1404; x_wconf 90' lang='lat' dir='ltr'><strong>sua</strong></span> <span class='ocrx_word' id='word_1_63' title='bbox 1241 1411 1242 1415; x_wconf 7' lang='grc' dir='ltr'><strong>Ἰ</strong></span> 
     </span>
     <span class='ocr_line' id='line_1_10' title="bbox 293 1440 1183 1521; baseline 0.006 -19"><span class='ocrx_word' id='word_1_64' title='bbox 293 1461 360 1502; x_wconf 90' lang='lat' dir='ltr'><strong>cum</strong></span> <span class='ocrx_word' id='word_1_65' title='bbox 380 1441 556 1504; x_wconf 71' lang='lat' dir='ltr'><strong>emblemate</strong></span> <span class='ocrx_word' id='word_1_66' title='bbox 577 1441 781 1521; x_wconf 85' lang='lat' dir='ltr'><strong>Expendentis</strong></span> <span class='ocrx_word' id='word_1_67' title='bbox 803 1441 867 1503; x_wconf 90' lang='lat' dir='ltr'><strong>sive</strong></span> <span class='ocrx_word' id='word_1_68' title='bbox 889 1440 1103 1520; x_wconf 85' lang='lat' dir='ltr'><strong>Cogitabuudi‚</strong></span> <span class='ocrx_word' id='word_1_69' title='bbox 1125 1446 1183 1507; x_wconf 86' lang='lat' dir='ltr'><strong>hoo</strong></span> 
     </span>
     <span class='ocr_line' id='line_1_11' title="bbox 292 1543 1185 1622; baseline 0.006 -20"><span class='ocrx_word' id='word_1_70' title='bbox 292 1545 342 1604; x_wconf 81' lang='lat'><strong>23.</strong></span> <span class='ocrx_word' id='word_1_71' title='bbox 356 1543 498 1604; x_wconf 88' lang='lat' dir='ltr'><strong>Decemb.</strong></span> <span class='ocrx_word' id='word_1_72' title='bbox 520 1543 598 1604; x_wconf 88' lang='lat' dir='ltr'><strong>idem</strong></span> <span class='ocrx_word' id='word_1_73' title='bbox 618 1543 682 1622; x_wconf 91' lang='lat' dir='ltr'><strong>ipse</strong></span> <span class='ocrx_word' id='word_1_74' title='bbox 701 1543 907 1621; x_wconf 79' lang='lat' dir='ltr'><strong>cataphractus</strong></span> <span class='ocrx_word' id='word_1_75' title='bbox 924 1543 986 1602; x_wconf 83' lang='lat'><strong>3⁰0</strong></span> <span class='ocrx_word' id='word_1_76' title='bbox 1000 1543 1185 1607; x_wconf 85' lang='lat' dir='ltr'><strong>florenorum</strong></span> 
     </span>
     <span class='ocr_line' id='line_1_12' title="bbox 292 1639 1185 1724; baseline 0.001 -18"><span class='ocrx_word' id='word_1_77' title='bbox 292 1643 423 1724; x_wconf 54' lang='lat' dir='ltr'><strong>pretist)</strong></span> <span class='ocrx_word' id='word_1_78' title='bbox 437 1644 575 1721; x_wconf 79' lang='lat' dir='ltr'><strong>suffulsit,</strong></span> <span class='ocrx_word' id='word_1_79' title='bbox 599 1644 648 1704; x_wconf 90' lang='lat' dir='ltr'><strong>cui</strong></span> <span class='ocrx_word' id='word_1_80' title='bbox 663 1643 776 1703; x_wconf 90' lang='lat' dir='ltr'><strong>inhnita</strong></span> <span class='ocrx_word' id='word_1_81' title='bbox 793 1639 894 1720; x_wconf 87' lang='lat' dir='ltr'><strong>gratia.</strong></span> <span class='ocrx_word' id='word_1_82' title='bbox 926 1641 1028 1703; x_wconf 84' lang='lat' dir='ltr'><strong>Gener</strong></span> <span class='ocrx_word' id='word_1_83' title='bbox 1039 1643 1185 1708; x_wconf 84' lang='lat' dir='ltr'><strong>Riieliuus</strong></span> 
     </span>
     <span class='ocr_line' id='line_1_13' title="bbox 292 1741 1185 1823; baseline -0.001 -15"><span class='ocrx_word' id='word_1_84' title='bbox 292 1747 389 1808; x_wconf 84' lang='lat' dir='ltr'><strong>filiolo</strong></span> <span class='ocrx_word' id='word_1_85' title='bbox 419 1747 537 1807; x_wconf 87' lang='lat' dir='ltr'><strong>Joaune</strong></span> <span class='ocrx_word' id='word_1_86' title='bbox 564 1745 719 1806; x_wconf 87' lang='lat' dir='ltr'><strong>Ludovico</strong></span> <span class='ocrx_word' id='word_1_87' title='bbox 750 1741 889 1804; x_wconf 83' lang='lat' dir='ltr'><strong>familiam</strong></span> <span class='ocrx_word' id='word_1_88' title='bbox 919 1742 1002 1802; x_wconf 90' lang='lat' dir='ltr'><strong>auxit</strong></span> <span class='ocrx_word' id='word_1_89' title='bbox 1033 1744 1081 1806; x_wconf 72' lang='lat'><strong>⁶36.</strong></span> <span class='ocrx_word' id='word_1_90' title='bbox 1103 1745 1185 1823; x_wconf 87' lang='lat' dir='ltr'><strong>Maji.</strong></span> 
     </span>
     <span class='ocr_line' id='line_1_14' title="bbox 292 1841 1184 1926; baseline 0.002 -20"><span class='ocrx_word' id='word_1_91' title='bbox 292 1845 412 1926; x_wconf 84' lang='lat' dir='ltr'><strong>Nuptiis</strong></span> <span class='ocrx_word' id='word_1_92' title='bbox 432 1847 598 1908; x_wconf 85' lang='lat' dir='ltr'><strong>Eberhardi</strong></span> <span class='ocrx_word' id='word_1_93' title='bbox 623 1845 742 1908; x_wconf 81' lang='lat' dir='ltr'><strong>Anwilii</strong></span> <span class='ocrx_word' id='word_1_94' title='bbox 769 1852 798 1905; x_wconf 90' lang='lat' dir='ltr'><strong>et</strong></span> <span class='ocrx_word' id='word_1_95' title='bbox 818 1841 932 1902; x_wconf 86' lang='lat' dir='ltr'><strong>Mariae</strong></span> <span class='ocrx_word' id='word_1_96' title='bbox 956 1841 1089 1905; x_wconf 82' lang='lat' dir='ltr'><strong>Marthae</strong></span> <span class='ocrx_word' id='word_1_97' title='bbox 1108 1848 1184 1908; x_wconf 82' lang='lat' dir='ltr'><strong>Ber-</strong></span> 
     </span>
     <span class='ocr_line' id='line_1_15' title="bbox 293 1941 1185 2026; baseline 0 -18"><span class='ocrx_word' id='word_1_98' title='bbox 293 1947 430 2008; x_wconf 89' lang='lat' dir='ltr'><strong>stettinae</strong></span> <span class='ocrx_word' id='word_1_99' title='bbox 450 1955 610 2026; x_wconf 84' lang='lat' dir='ltr'><strong>praesente</strong></span> <span class='ocrx_word' id='word_1_100' title='bbox 630 1945 699 2007; x_wconf 87' lang='lat' dir='ltr'><strong>aula</strong></span> <span class='ocrx_word' id='word_1_101' title='bbox 718 1942 859 2006; x_wconf 88' lang='lat' dir='ltr'><strong>benedixi</strong></span> <span class='ocrx_word' id='word_1_102' title='bbox 879 1943 907 2004; x_wconf 87' lang='grc'><strong>3.</strong></span> <span class='ocrx_word' id='word_1_103' title='bbox 921 1941 1015 2021; x_wconf 84' lang='lat' dir='ltr'><strong>April.</strong></span> <span class='ocrx_word' id='word_1_104' title='bbox 1036 1963 1099 2004; x_wconf 93' lang='lat' dir='ltr'><strong>uon</strong></span> <span class='ocrx_word' id='word_1_105' title='bbox 1120 1945 1185 2008; x_wconf 89' lang='lat' dir='ltr'><strong>sine</strong></span> 
     </span>
     <span class='ocr_line' id='line_1_16' title="bbox 293 2041 1184 2129; baseline -0.002 -21"><span class='ocrx_word' id='word_1_106' title='bbox 293 2068 431 2124; x_wconf 86' lang='lat' dir='ltr'><strong>munere,</strong></span> <span class='ocrx_word' id='word_1_107' title='bbox 464 2059 496 2110; x_wconf 90' lang='lat' dir='ltr'><strong>et</strong></span> <span class='ocrx_word' id='word_1_108' title='bbox 520 2048 601 2129; x_wconf 88' lang='lat' dir='ltr'><strong>quod</strong></span> <span class='ocrx_word' id='word_1_109' title='bbox 628 2047 667 2108; x_wconf 87' lang='lat' dir='ltr'><strong>ad</strong></span> <span class='ocrx_word' id='word_1_110' title='bbox 691 2043 780 2106; x_wconf 92' lang='lat' dir='ltr'><strong>animi</strong></span> <span class='ocrx_word' id='word_1_111' title='bbox 801 2041 1016 2104; x_wconf 81' lang='lat' dir='ltr'><strong>recreationem</strong></span> <span class='ocrx_word' id='word_1_112' title='bbox 1042 2043 1125 2120; x_wconf 88' lang='lat' dir='ltr'><strong>lacit,</strong></span> <span class='ocrx_word' id='word_1_113' title='bbox 1152 2045 1184 2106; x_wconf 88' lang='lat' dir='ltr'><strong>in</strong></span> 
     </span>
     <span class='ocr_line' id='line_1_17' title="bbox 291 2143 1185 2223; baseline 0.002 -14"><span class='ocrx_word' id='word_1_114' title='bbox 291 2150 427 2211; x_wconf 85' lang='lat' dir='ltr'><strong>notitiam</strong></span> <span class='ocrx_word' id='word_1_115' title='bbox 453 2147 548 2222; x_wconf 90' lang='lat' dir='ltr'><strong>veuit,</strong></span> <span class='ocrx_word' id='word_1_116' title='bbox 578 2148 640 2208; x_wconf 90' lang='lat' dir='ltr'><strong>imo</strong></span> <span class='ocrx_word' id='word_1_117' title='bbox 665 2144 823 2207; x_wconf 88' lang='lat' dir='ltr'><strong>amicitiam</strong></span> <span class='ocrx_word' id='word_1_118' title='bbox 849 2143 999 2204; x_wconf 87' lang='lat' dir='ltr'><strong>concessit</strong></span> <span class='ocrx_word' id='word_1_119' title='bbox 1023 2144 1185 2223; x_wconf 86' lang='lat' dir='ltr'><strong>perillustr.</strong></span> 
     </span>
     <span class='ocr_line' id='line_1_18' title="bbox 292 2242 1184 2327; baseline 0 -18"><span class='ocrx_word' id='word_1_120' title='bbox 292 2250 339 2311; x_wconf 86' lang='lat' dir='ltr'><strong>vir</strong></span> <span class='ocrx_word' id='word_1_121' title='bbox 358 2251 426 2312; x_wconf 82' lang='lat' dir='ltr'><strong>Joh.</strong></span> <span class='ocrx_word' id='word_1_122' title='bbox 441 2247 603 2327; x_wconf 87' lang='lat' dir='ltr'><strong>Septimius</strong></span> <span class='ocrx_word' id='word_1_123' title='bbox 614 2247 743 2326; x_wconf 84' lang='lat' dir='ltr'><strong>Joerger</strong></span> <span class='ocrx_word' id='word_1_124' title='bbox 764 2245 847 2319; x_wconf 87' lang='lat' dir='ltr'><strong>baro,</strong></span> <span class='ocrx_word' id='word_1_125' title='bbox 868 2242 1061 2322; x_wconf 89' lang='lat' dir='ltr'><strong>plurimarum</strong></span> <span class='ocrx_word' id='word_1_126' title='bbox 1083 2265 1184 2309; x_wconf 86' lang='lat' dir='ltr'><strong>rerum</strong></span> 
     </span>
     <span class='ocr_line' id='line_1_19' title="bbox 292 2344 1183 2429; baseline -0.003 -18"><span class='ocrx_word' id='word_1_127' title='bbox 292 2370 327 2411; x_wconf 89' lang='lat' dir='ltr'><strong>ac</strong></span> <span class='ocrx_word' id='word_1_128' title='bbox 348 2349 492 2429; x_wconf 87' lang='lat' dir='ltr'><strong>pictoriae</strong></span> <span class='ocrx_word' id='word_1_129' title='bbox 511 2348 584 2410; x_wconf 87' lang='lat' dir='ltr'><strong>artis</strong></span> <span class='ocrx_word' id='word_1_130' title='bbox 604 2347 816 2428; x_wconf 87' lang='lat' dir='ltr'><strong>peritissimus,</strong></span> <span class='ocrx_word' id='word_1_131' title='bbox 837 2344 947 2406; x_wconf 86' lang='lat' dir='ltr'><strong>comite</strong></span> <span class='ocrx_word' id='word_1_132' title='bbox 967 2347 1003 2406; x_wconf 88' lang='grc' dir='ltr'><strong>Ι).</strong></span> <span class='ocrx_word' id='word_1_133' title='bbox 1014 2345 1082 2408; x_wconf 89' lang='lat' dir='ltr'><strong>Joh.</strong></span> <span class='ocrx_word' id='word_1_134' title='bbox 1096 2346 1183 2416; x_wconf 85' lang='lat' dir='ltr'><strong>¹Gab-</strong></span> 
     </span>
     <span class='ocr_line' id='line_1_20' title="bbox 291 2443 1184 2527; baseline 0 -18"><span class='ocrx_word' id='word_1_135' title='bbox 291 2449 359 2510; x_wconf 86' lang='lat' dir='ltr'><strong>lero</strong></span> <span class='ocrx_word' id='word_1_136' title='bbox 383 2451 456 2527; x_wconf 85' lang='lat' dir='ltr'><strong>jure</strong></span> <span class='ocrx_word' id='word_1_137' title='bbox 481 2449 623 2510; x_wconf 89' lang='lat' dir='ltr'><strong>consulto</strong></span> <span class='ocrx_word' id='word_1_138' title='bbox 650 2447 765 2508; x_wconf 86' lang='lat' dir='ltr'><strong>Norico</strong></span> <span class='ocrx_word' id='word_1_139' title='bbox 793 2443 975 2525; x_wconf 84' lang='lat' dir='ltr'><strong>percelebri,</strong></span> <span class='ocrx_word' id='word_1_140' title='bbox 1007 2457 1037 2508; x_wconf 89' lang='lat' dir='ltr'><strong>et</strong></span> <span class='ocrx_word' id='word_1_141' title='bbox 1063 2447 1184 2510; x_wconf 89' lang='lat' dir='ltr'><strong>Baltha-</strong></span> 
     </span>
     <span class='ocr_line' id='line_1_21' title="bbox 232 2545 1184 2629; baseline 0.001 -18"><span class='ocrx_word' id='word_1_142' title='bbox 232 2554 235 2557; x_wconf 83' lang='grc'><strong>’</strong></span> <span class='ocrx_word' id='word_1_143' title='bbox 292 2570 360 2612; x_wconf 85' lang='lat' dir='ltr'><strong>sare</strong></span> <span class='ocrx_word' id='word_1_144' title='bbox 380 2549 609 2611; x_wconf 85' lang='lat' dir='ltr'><strong>lleidenreichio</strong></span> <span class='ocrx_word' id='word_1_145' title='bbox 631 2547 731 2629; x_wconf 87' lang='lat' dir='ltr'><strong>equite</strong></span> <span class='ocrx_word' id='word_1_146' title='bbox 750 2545 889 2620; x_wconf 85' lang='lat' dir='ltr'><strong>Austrio,</strong></span> <span class='ocrx_word' id='word_1_147' title='bbox 915 2565 1017 2607; x_wconf 90' lang='lat' dir='ltr'><strong>mense</strong></span> <span class='ocrx_word' id='word_1_148' title='bbox 1037 2545 1184 2627; x_wconf 80' lang='lat' dir='ltr'><strong>Augusto.</strong></span> 
     </span>
     <span class='ocr_line' id='line_1_22' title="bbox 293 2644 1184 2728; baseline -0.001 -16"><span class='ocrx_word' id='word_1_149' title='bbox 293 2653 364 2728; x_wconf 85' lang='lat' dir='ltr'><strong>Quo</strong></span> <span class='ocrx_word' id='word_1_150' title='bbox 391 2651 477 2712; x_wconf 88' lang='lat' dir='ltr'><strong>etiam</strong></span> <span class='ocrx_word' id='word_1_151' title='bbox 504 2657 639 2728; x_wconf 88' lang='lat' dir='ltr'><strong>tempore</strong></span> <span class='ocrx_word' id='word_1_152' title='bbox 665 2647 704 2708; x_wconf 93' lang='lat' dir='ltr'><strong>ad</strong></span> <span class='ocrx_word' id='word_1_153' title='bbox 724 2667 772 2707; x_wconf 88' lang='lat' dir='ltr'><strong>me</strong></span> <span class='ocrx_word' id='word_1_154' title='bbox 794 2645 928 2725; x_wconf 79' lang='lat' dir='ltr'><strong>confugit</strong></span> <span class='ocrx_word' id='word_1_155' title='bbox 948 2644 1184 2726; x_wconf 72' lang='lat' dir='ltr'><strong>christophorus</strong></span> 
     </span>
     <span class='ocr_line' id='line_1_23' title="bbox 295 2747 1185 2829; baseline -0.002 -17"><span class='ocrx_word' id='word_1_156' title='bbox 295 2751 428 2812; x_wconf 81' lang='lat' dir='ltr'><strong>Gottlrid</strong></span> <span class='ocrx_word' id='word_1_157' title='bbox 454 2750 605 2829; x_wconf 83' lang='lat' dir='ltr'><strong>Ptinzing‚</strong></span> <span class='ocrx_word' id='word_1_158' title='bbox 632 2757 708 2828; x_wconf 88' lang='lat' dir='ltr'><strong>patr.</strong></span> <span class='ocrx_word' id='word_1_159' title='bbox 729 2747 861 2808; x_wconf 89' lang='lat' dir='ltr'><strong>Noricus</strong></span> <span class='ocrx_word' id='word_1_160' title='bbox 889 2747 940 2806; x_wconf 80' lang='lat'><strong>2⁰.</strong></span> <span class='ocrx_word' id='word_1_161' title='bbox 954 2747 1081 2825; x_wconf 78' lang='lat' dir='ltr'><strong>August.</strong></span> <span class='ocrx_word' id='word_1_162' title='bbox 1102 2748 1185 2829; x_wconf 89' lang='lat' dir='ltr'><strong>inge-</strong></span> 
     </span>
     <span class='ocr_line' id='line_1_24' title="bbox 292 2845 1184 2929; baseline -0.002 -16"><span class='ocrx_word' id='word_1_163' title='bbox 292 2871 372 2913; x_wconf 91' lang='lat' dir='ltr'><strong>nuus</strong></span> <span class='ocrx_word' id='word_1_164' title='bbox 397 2850 590 2924; x_wconf 85' lang='lat' dir='ltr'><strong>adolescens,</strong></span> <span class='ocrx_word' id='word_1_165' title='bbox 624 2848 676 2929; x_wconf 91' lang='lat' dir='ltr'><strong>qui</strong></span> <span class='ocrx_word' id='word_1_166' title='bbox 705 2859 826 2928; x_wconf 87' lang='lat' dir='ltr'><strong>praeter</strong></span> <span class='ocrx_word' id='word_1_167' title='bbox 857 2845 1008 2908; x_wconf 85' lang='lat' dir='ltr'><strong>excellens</strong></span> <span class='ocrx_word' id='word_1_168' title='bbox 1034 2847 1184 2928; x_wconf 81' lang='lat' dir='ltr'><strong>ingenium</strong></span> 
     </span>
     <span class='ocr_line' id='line_1_25' title="bbox 292 2945 1185 3031; baseline 0 -19"><span class='ocrx_word' id='word_1_169' title='bbox 292 2970 411 3012; x_wconf 85' lang='lat' dir='ltr'><strong>morum</strong></span> <span class='ocrx_word' id='word_1_170' title='bbox 425 2950 600 3012; x_wconf 87' lang='lat' dir='ltr'><strong>modestiam</strong></span> <span class='ocrx_word' id='word_1_171' title='bbox 616 2949 796 3029; x_wconf 86' lang='lat' dir='ltr'><strong>singularem</strong></span> <span class='ocrx_word' id='word_1_172' title='bbox 816 2945 885 3007; x_wconf 90' lang='lat' dir='ltr'><strong>mihi</strong></span> <span class='ocrx_word' id='word_1_173' title='bbox 903 2965 958 3025; x_wconf 86' lang='lat' dir='ltr'><strong>per</strong></span> <span class='ocrx_word' id='word_1_174' title='bbox 970 2955 1114 3010; x_wconf 86' lang='lat' dir='ltr'><strong>semestre</strong></span> <span class='ocrx_word' id='word_1_175' title='bbox 1132 2971 1185 3031; x_wconf 90' lang='lat' dir='ltr'><strong>ap·</strong></span> 
     </span>
     <span class='ocr_line' id='line_1_26' title="bbox 293 3046 1185 3130; baseline -0.001 -19"><span class='ocrx_word' id='word_1_176' title='bbox 293 3050 443 3130; x_wconf 88' lang='lat' dir='ltr'><strong>probavit,</strong></span> <span class='ocrx_word' id='word_1_177' title='bbox 465 3052 513 3110; x_wconf 76' lang='lat'><strong>14.</strong></span> <span class='ocrx_word' id='word_1_178' title='bbox 527 3050 594 3112; x_wconf 77' lang='lat' dir='ltr'><strong>lars.</strong></span> <span class='ocrx_word' id='word_1_179' title='bbox 615 3049 769 3130; x_wconf 86' lang='lat' dir='ltr'><strong>sequentis</strong></span> <span class='ocrx_word' id='word_1_180' title='bbox 790 3047 859 3109; x_wconf 90' lang='lat' dir='ltr'><strong>anni</strong></span> <span class='ocrx_word' id='word_1_181' title='bbox 880 3046 1029 3110; x_wconf 84' lang='lat' dir='ltr'><strong>dimissus.</strong></span> <span class='ocrx_word' id='word_1_182' title='bbox 1071 3049 1185 3112; x_wconf 87' lang='lat' dir='ltr'><strong>Mutavi</strong></span> 
     </span>
     <span class='ocr_line' id='line_1_27' title="bbox 293 3147 1184 3213; baseline -0.003 0"><span class='ocrx_word' id='word_1_183' title='bbox 293 3152 430 3213; x_wconf 71' lang='lat' dir='ltr'><strong>ancillam</strong></span> <span class='ocrx_word' id='word_1_184' title='bbox 450 3150 575 3212; x_wconf 87' lang='lat' dir='ltr'><strong>Mariam</strong></span> <span class='ocrx_word' id='word_1_185' title='bbox 597 3149 748 3210; x_wconf 89' lang='lat' dir='ltr'><strong>Barthiam</strong></span> <span class='ocrx_word' id='word_1_186' title='bbox 774 3169 842 3210; x_wconf 89' lang='lat' dir='ltr'><strong>cum</strong></span> <span class='ocrx_word' id='word_1_187' title='bbox 869 3147 1027 3209; x_wconf 81' lang='lat' dir='ltr'><strong>Catharina</strong></span> <span class='ocrx_word' id='word_1_188' title='bbox 1053 3149 1184 3210; x_wconf 88' lang='lat' dir='ltr'><strong>Schede-</strong></span> 
     </span>
     <span class='ocr_line' id='line_1_28' title="bbox 293 3248 1183 3329; baseline -0.001 -17"><span class='ocrx_word' id='word_1_189' title='bbox 293 3252 355 3313; x_wconf 87' lang='lat' dir='ltr'><strong>lina</strong></span> <span class='ocrx_word' id='word_1_190' title='bbox 367 3253 540 3321; x_wconf 84' lang='lat' dir='ltr'><strong>3.Jauuar.;</strong></span> <span class='ocrx_word' id='word_1_191' title='bbox 561 3249 621 3311; x_wconf 83' lang='lat' dir='ltr'><strong>alui</strong></span> <span class='ocrx_word' id='word_1_192' title='bbox 637 3249 829 3311; x_wconf 88' lang='lat' dir='ltr'><strong>Benedictum</strong></span> <span class='ocrx_word' id='word_1_193' title='bbox 841 3248 1024 3310; x_wconf 86' lang='lat' dir='ltr'><strong>Stroelinum</strong></span> <span class='ocrx_word' id='word_1_194' title='bbox 1035 3269 1089 3329; x_wconf 85' lang='lat' dir='ltr'><strong>per</strong></span> <span class='ocrx_word' id='word_1_195' title='bbox 1101 3269 1183 3312; x_wconf 91' lang='lat' dir='ltr'><strong>men-</strong></span> 
     </span>
     <span class='ocr_line' id='line_1_29' title="bbox 293 3348 1185 3429; baseline -0.004 -14"><span class='ocrx_word' id='word_1_196' title='bbox 293 3372 357 3415; x_wconf 87' lang='lat' dir='ltr'><strong>sem</strong></span> <span class='ocrx_word' id='word_1_197' title='bbox 378 3361 410 3414; x_wconf 91' lang='lat' dir='ltr'><strong>et</strong></span> <span class='ocrx_word' id='word_1_198' title='bbox 427 3350 623 3414; x_wconf 75' lang='lat' dir='ltr'><strong>scholasticae</strong></span> <span class='ocrx_word' id='word_1_199' title='bbox 644 3348 791 3412; x_wconf 83' lang='lat' dir='ltr'><strong>functioni</strong></span> <span class='ocrx_word' id='word_1_200' title='bbox 812 3349 1039 3429; x_wconf 85' lang='lat' dir='ltr'><strong>Herreubergee</strong></span> <span class='ocrx_word' id='word_1_201' title='bbox 1057 3350 1185 3412; x_wconf 89' lang='lat' dir='ltr'><strong>admovi.</strong></span> 
     </span>
    </p>
   </div>
   <div class='ocr_carea' id='block_1_3' title="bbox 361 3561 998 3634">
    <p class='ocr_par' dir='ltr' id='par_1_3' title="bbox 361 3561 998 3634">
     <span class='ocr_line' id='line_1_30' title="bbox 361 3561 998 3634; baseline -0.008 -15"><span class='ocrx_word' id='word_1_202' title='bbox 361 3566 392 3634; x_wconf 68' lang='lat' dir='ltr'><strong>a)</strong></span> <span class='ocrx_word' id='word_1_203' title='bbox 411 3565 479 3618; x_wconf 84' lang='lat' dir='ltr'><strong>God.</strong></span> <span class='ocrx_word' id='word_1_204' title='bbox 496 3564 527 3617; x_wconf 89' lang='lat' dir='ltr'><strong>B.</strong></span> <span class='ocrx_word' id='word_1_205' title='bbox 545 3570 574 3616; x_wconf 86' lang='lat' dir='ltr'><strong>et</strong></span> <span class='ocrx_word' id='word_1_206' title='bbox 588 3581 626 3616; x_wconf 79' lang='lat' dir='ltr'><strong>a:</strong></span> <span class='ocrx_word' id='word_1_207' title='bbox 654 3561 737 3632; x_wconf 86' lang='lat' dir='ltr'><strong>pretii</strong></span> <span class='ocrx_word' id='word_1_208' title='bbox 752 3577 812 3616; x_wconf 84' lang='lat' dir='ltr'><strong>rem</strong></span> <span class='ocrx_word' id='word_1_209' title='bbox 829 3561 998 3617; x_wconf 80' lang='lat' dir='ltr'><strong>familiarem.</strong></span> 
     </span>
    </p>
   </div>
   <div class='ocr_carea' id='block_1_4' title="bbox 0 0 1518 4409">
    <p class='ocr_par' dir='ltr' id='par_1_4' title="bbox 0 0 1518 4409">
     <span class='ocr_line' id='line_1_31' title="bbox 0 0 1518 4409; baseline 0 0"><span class='ocrx_word' id='word_1_210' title='bbox 0 0 1518 4409; x_wconf 95' lang='lat' dir='ltr'><strong> </strong></span> 
     </span>
    </p>
   </div>
  </div>
 </body>
</html>
