<?xml version="1.0" encoding="UTF-8"?>
<!DOCTYPE html PUBLIC "-//W3C//DTD XHTML 1.0 Transitional//EN"
    "http://www.w3.org/TR/xhtml1/DTD/xhtml1-transitional.dtd">
<html xmlns="http://www.w3.org/1999/xhtml" xml:lang="en" lang="en">
 <head>
  <title>
</title>
<meta http-equiv="Content-Type" content="text/html;charset=utf-8" />
  <meta name='ocr-system' content='tesseract 3.04.00' />
  <meta name='ocr-capabilities' content='ocr_page ocr_carea ocr_par ocr_line ocrx_word'/>
</head>
<body>
  <div class='ocr_page' id='page_1' title='image "./ioannisvalentin00andrgoog_0087.png"; bbox 0 0 3025 4409; ppageno 0'>
   <div class='ocr_carea' id='block_1_1' title="bbox 409 494 1184 565">
    <p class='ocr_par' dir='ltr' id='par_1_1' title="bbox 409 494 1184 565">
     <span class='ocr_line' id='line_1_1' title="bbox 409 494 1184 565; baseline -0.004 -14"><span class='ocrx_word' id='word_1_1' title='bbox 409 498 567 552; x_wconf 77' lang='lat' dir='ltr'><strong>conciones</strong></span> <span class='ocrx_word' id='word_1_2' title='bbox 584 510 681 551; x_wconf 85' lang='lat' dir='ltr'><strong>sacrae</strong></span> <span class='ocrx_word' id='word_1_3' title='bbox 699 500 765 565; x_wconf 87' lang='lat' dir='ltr'><strong>post</strong></span> <span class='ocrx_word' id='word_1_4' title='bbox 781 494 936 549; x_wconf 79' lang='lat' dir='ltr'><strong>incendium</strong></span> <span class='ocrx_word' id='word_1_5' title='bbox 954 495 1071 551; x_wconf 71' lang='lat' dir='ltr'><strong>babilae,</strong></span> <span class='ocrx_word' id='word_1_6' title='bbox 1145 503 1184 563; x_wconf 79' lang='lat'><strong>77</strong></span> 
     </span>
    </p>
   </div>
   <div class='ocr_carea' id='block_1_2' title="bbox 290 652 1194 3651">
    <p class='ocr_par' dir='ltr' id='par_1_2' title="bbox 290 652 1194 3651">
     <span class='ocr_line' id='line_1_2' title="bbox 293 652 1186 735; baseline 0 -20"><span class='ocrx_word' id='word_1_7' title='bbox 293 656 422 716; x_wconf 88' lang='lat' dir='ltr'><strong>maximo</strong></span> <span class='ocrx_word' id='word_1_8' title='bbox 453 655 536 717; x_wconf 88' lang='lat' dir='ltr'><strong>luctu</strong></span> <span class='ocrx_word' id='word_1_9' title='bbox 570 664 600 716; x_wconf 88' lang='lat' dir='ltr'><strong>et</strong></span> <span class='ocrx_word' id='word_1_10' title='bbox 634 653 795 731; x_wconf 81' lang='lat' dir='ltr'><strong>ejnlatibus</strong></span> <span class='ocrx_word' id='word_1_11' title='bbox 827 653 908 715; x_wconf 92' lang='lat' dir='ltr'><strong>veris</strong></span> <span class='ocrx_word' id='word_1_12' title='bbox 942 652 1035 714; x_wconf 88' lang='lat' dir='ltr'><strong>veluti</strong></span> <span class='ocrx_word' id='word_1_13' title='bbox 1053 654 1186 735; x_wconf 91' lang='lat' dir='ltr'><strong>publico</strong></span> 
     </span>
     <span class='ocr_line' id='line_1_3' title="bbox 291 754 1187 837; baseline 0.001 -23"><span class='ocrx_word' id='word_1_14' title='bbox 291 756 396 815; x_wconf 85' lang='lat' dir='ltr'><strong>iuuere</strong></span> <span class='ocrx_word' id='word_1_15' title='bbox 431 764 556 837; x_wconf 88' lang='lat' dir='ltr'><strong>excepta</strong></span> <span class='ocrx_word' id='word_1_16' title='bbox 583 766 637 817; x_wconf 88' lang='lat' dir='ltr'><strong>est.</strong></span> <span class='ocrx_word' id='word_1_17' title='bbox 692 756 757 836; x_wconf 85' lang='lat' dir='ltr'><strong>Ego</strong></span> <span class='ocrx_word' id='word_1_18' title='bbox 786 754 921 832; x_wconf 86' lang='lat' dir='ltr'><strong>ejusdem</strong></span> <span class='ocrx_word' id='word_1_19' title='bbox 941 760 1042 815; x_wconf 85' lang='lat' dir='ltr'><strong>textus</strong></span> <span class='ocrx_word' id='word_1_20' title='bbox 1068 754 1187 833; x_wconf 85' lang='lat' dir='ltr'><strong>paraly-</strong></span> 
     </span>
     <span class='ocr_line' id='line_1_4' title="bbox 290 854 1188 938; baseline 0 -23"><span class='ocrx_word' id='word_1_21' title='bbox 290 857 382 917; x_wconf 88' lang='lat' dir='ltr'><strong>ticum</strong></span> <span class='ocrx_word' id='word_1_22' title='bbox 405 857 518 919; x_wconf 89' lang='lat' dir='ltr'><strong>uostris</strong></span> <span class='ocrx_word' id='word_1_23' title='bbox 540 857 653 917; x_wconf 85' lang='lat' dir='ltr'><strong>morbis</strong></span> <span class='ocrx_word' id='word_1_24' title='bbox 675 862 819 938; x_wconf 88' lang='lat' dir='ltr'><strong>quantum</strong></span> <span class='ocrx_word' id='word_1_25' title='bbox 839 854 927 935; x_wconf 90' lang='lat' dir='ltr'><strong>potui</strong></span> <span class='ocrx_word' id='word_1_26' title='bbox 944 854 1057 933; x_wconf 83' lang='lat' dir='ltr'><strong>aptavi,</strong></span> <span class='ocrx_word' id='word_1_27' title='bbox 1081 854 1188 915; x_wconf 89' lang='lat' dir='ltr'><strong>durior</strong></span> 
     </span>
     <span class='ocr_line' id='line_1_5' title="bbox 291 953 1186 1019; baseline 0 -4"><span class='ocrx_word' id='word_1_28' title='bbox 291 956 400 1017; x_wconf 87' lang='lat' dir='ltr'><strong>exinde</strong></span> <span class='ocrx_word' id='word_1_29' title='bbox 422 957 537 1019; x_wconf 89' lang='lat' dir='ltr'><strong>babitus</strong></span> <span class='ocrx_word' id='word_1_30' title='bbox 560 966 589 1018; x_wconf 90' lang='lat' dir='ltr'><strong>et</strong></span> <span class='ocrx_word' id='word_1_31' title='bbox 610 958 789 1019; x_wconf 80' lang='lat' dir='ltr'><strong>siccioribus</strong></span> <span class='ocrx_word' id='word_1_32' title='bbox 810 954 907 1017; x_wconf 91' lang='lat' dir='ltr'><strong>oculis</strong></span> <span class='ocrx_word' id='word_1_33' title='bbox 927 955 1057 1017; x_wconf 88' lang='lat' dir='ltr'><strong>auditus.</strong></span> <span class='ocrx_word' id='word_1_34' title='bbox 1097 953 1186 1015; x_wconf 70' lang='lat' dir='ltr'><strong>Sole</strong></span> 
     </span>
     <span class='ocr_line' id='line_1_6' title="bbox 290 1052 1185 1136; baseline -0.001 -20"><span class='ocrx_word' id='word_1_35' title='bbox 290 1076 357 1117; x_wconf 86' lang='lat' dir='ltr'><strong>mus</strong></span> <span class='ocrx_word' id='word_1_36' title='bbox 385 1058 464 1117; x_wconf 90' lang='lat' dir='ltr'><strong>enim</strong></span> <span class='ocrx_word' id='word_1_37' title='bbox 491 1052 567 1119; x_wconf 80' lang='lat' dir='ltr'><strong>mela</strong></span> <span class='ocrx_word' id='word_1_38' title='bbox 593 1065 698 1119; x_wconf 87' lang='lat' dir='ltr'><strong>nostra</strong></span> <span class='ocrx_word' id='word_1_39' title='bbox 719 1057 895 1136; x_wconf 79' lang='lat' dir='ltr'><strong>deplorare,</strong></span> <span class='ocrx_word' id='word_1_40' title='bbox 923 1057 981 1117; x_wconf 92' lang='lat' dir='ltr'><strong>Dei</strong></span> <span class='ocrx_word' id='word_1_41' title='bbox 1002 1062 1108 1117; x_wconf 83' lang='lat' dir='ltr'><strong>contra</strong></span> <span class='ocrx_word' id='word_1_42' title='bbox 1126 1073 1185 1115; x_wconf 88' lang='lat' dir='ltr'><strong>nos</strong></span> 
     </span>
     <span class='ocr_line' id='line_1_7' title="bbox 291 1154 1188 1238; baseline -0.001 -22"><span class='ocrx_word' id='word_1_43' title='bbox 291 1176 410 1218; x_wconf 84' lang='lat' dir='ltr'><strong>causam</strong></span> <span class='ocrx_word' id='word_1_44' title='bbox 432 1158 620 1220; x_wconf 88' lang='lat' dir='ltr'><strong>dissimulare</strong></span> <span class='ocrx_word' id='word_1_45' title='bbox 641 1164 731 1238; x_wconf 88' lang='lat' dir='ltr'><strong>atquc</strong></span> <span class='ocrx_word' id='word_1_46' title='bbox 752 1159 832 1217; x_wconf 84' lang='lat' dir='ltr'><strong>serre</strong></span> <span class='ocrx_word' id='word_1_47' title='bbox 852 1157 1025 1237; x_wconf 81' lang='lat' dir='ltr'><strong>aegerrime.</strong></span> <span class='ocrx_word' id='word_1_48' title='bbox 1071 1154 1188 1235; x_wconf 84' lang='lat' dir='ltr'><strong>Templi</strong></span> 
     </span>
     <span class='ocr_line' id='line_1_8' title="bbox 292 1255 1187 1338; baseline 0.001 -23"><span class='ocrx_word' id='word_1_49' title='bbox 292 1257 401 1318; x_wconf 88' lang='lat' dir='ltr'><strong>rudera</strong></span> <span class='ocrx_word' id='word_1_50' title='bbox 429 1265 462 1318; x_wconf 88' lang='lat' dir='ltr'><strong>ut</strong></span> <span class='ocrx_word' id='word_1_51' title='bbox 489 1278 595 1319; x_wconf 84' lang='lat' dir='ltr'><strong>revera</strong></span> <span class='ocrx_word' id='word_1_52' title='bbox 616 1258 818 1319; x_wconf 81' lang='lat' dir='ltr'><strong>lamentabilia</strong></span> <span class='ocrx_word' id='word_1_53' title='bbox 843 1265 914 1319; x_wconf 90' lang='lat' dir='ltr'><strong>sunt</strong></span> <span class='ocrx_word' id='word_1_54' title='bbox 942 1277 1049 1319; x_wconf 89' lang='lat' dir='ltr'><strong>omnes</strong></span> <span class='ocrx_word' id='word_1_55' title='bbox 1069 1255 1187 1338; x_wconf 86' lang='lat' dir='ltr'><strong>percel-</strong></span> 
     </span>
     <span class='ocr_line' id='line_1_9' title="bbox 292 1356 1188 1440; baseline 0 -24"><span class='ocrx_word' id='word_1_56' title='bbox 292 1356 407 1418; x_wconf 89' lang='lat' dir='ltr'><strong>lebant:</strong></span> <span class='ocrx_word' id='word_1_57' title='bbox 443 1360 544 1421; x_wconf 92' lang='lat' dir='ltr'><strong>cordis</strong></span> <span class='ocrx_word' id='word_1_58' title='bbox 572 1362 737 1440; x_wconf 82' lang='lat' dir='ltr'><strong>fragmenta</strong></span> <span class='ocrx_word' id='word_1_59' title='bbox 760 1368 791 1420; x_wconf 86' lang='lat' dir='ltr'><strong>et</strong></span> <span class='ocrx_word' id='word_1_60' title='bbox 816 1365 862 1419; x_wconf 89' lang='lat' dir='ltr'><strong>tot</strong></span> <span class='ocrx_word' id='word_1_61' title='bbox 889 1359 1053 1420; x_wconf 87' lang='lat' dir='ltr'><strong>animarum</strong></span> <span class='ocrx_word' id='word_1_62' title='bbox 1081 1358 1188 1418; x_wconf 85' lang='lat' dir='ltr'><strong>ruinae</strong></span> 
     </span>
     <span class='ocr_line' id='line_1_10' title="bbox 293 1458 1189 1541; baseline -0.001 -23"><span class='ocrx_word' id='word_1_63' title='bbox 293 1458 479 1520; x_wconf 80' lang='lat' dir='ltr'><strong>habebantur</strong></span> <span class='ocrx_word' id='word_1_64' title='bbox 497 1459 619 1521; x_wconf 88' lang='lat' dir='ltr'><strong>minimi.</strong></span> <span class='ocrx_word' id='word_1_65' title='bbox 665 1460 757 1522; x_wconf 86' lang='lat' dir='ltr'><strong>Certe</strong></span> <span class='ocrx_word' id='word_1_66' title='bbox 779 1464 868 1541; x_wconf 86' lang='lat' dir='ltr'><strong>quem</strong></span> <span class='ocrx_word' id='word_1_67' title='bbox 889 1477 952 1519; x_wconf 88' lang='lat' dir='ltr'><strong>non</strong></span> <span class='ocrx_word' id='word_1_68' title='bbox 981 1460 1046 1521; x_wconf 91' lang='lat' dir='ltr'><strong>sine</strong></span> <span class='ocrx_word' id='word_1_69' title='bbox 1071 1460 1189 1520; x_wconf 88' lang='lat' dir='ltr'><strong>honore</strong></span> 
     </span>
     <span class='ocr_line' id='line_1_11' title="bbox 294 1557 1190 1639; baseline 0 -20"><span class='ocrx_word' id='word_1_70' title='bbox 294 1560 418 1620; x_wconf 88' lang='lat' dir='ltr'><strong>nomino</strong></span> <span class='ocrx_word' id='word_1_71' title='bbox 446 1559 591 1621; x_wconf 89' lang='lat' dir='ltr'><strong>ecclesiae</strong></span> <span class='ocrx_word' id='word_1_72' title='bbox 618 1561 750 1623; x_wconf 87' lang='lat' dir='ltr'><strong>decanus</strong></span> <span class='ocrx_word' id='word_1_73' title='bbox 778 1561 903 1621; x_wconf 90' lang='lat' dir='ltr'><strong>multum</strong></span> <span class='ocrx_word' id='word_1_74' title='bbox 932 1560 989 1621; x_wconf 89' lang='lat' dir='ltr'><strong>sibi</strong></span> <span class='ocrx_word' id='word_1_75' title='bbox 1009 1558 1122 1639; x_wconf 77' lang='lat' dir='ltr'><strong>negotii</strong></span> <span class='ocrx_word' id='word_1_76' title='bbox 1148 1557 1190 1619; x_wconf 78' lang='lat' dir='ltr'><strong>ie</strong></span> 
     </span>
     <span class='ocr_line' id='line_1_12' title="bbox 296 1658 1190 1734; baseline -0.003 -14"><span class='ocrx_word' id='word_1_77' title='bbox 296 1660 351 1734; x_wconf 88' lang='lat' dir='ltr'><strong>cit,</strong></span> <span class='ocrx_word' id='word_1_78' title='bbox 379 1668 414 1721; x_wconf 92' lang='lat' dir='ltr'><strong>ut</strong></span> <span class='ocrx_word' id='word_1_79' title='bbox 433 1661 491 1721; x_wconf 93' lang='lat' dir='ltr'><strong>hoc</strong></span> <span class='ocrx_word' id='word_1_80' title='bbox 511 1662 721 1723; x_wconf 83' lang='lat' dir='ltr'><strong>incendiorum</strong></span> <span class='ocrx_word' id='word_1_81' title='bbox 743 1661 903 1723; x_wconf 86' lang='lat' dir='ltr'><strong>interstitio</strong></span> <span class='ocrx_word' id='word_1_82' title='bbox 924 1660 1006 1721; x_wconf 82' lang='lat' dir='ltr'><strong>cives</strong></span> <span class='ocrx_word' id='word_1_83' title='bbox 1027 1659 1115 1720; x_wconf 86' lang='lat' dir='ltr'><strong>etiam</strong></span> <span class='ocrx_word' id='word_1_84' title='bbox 1137 1658 1190 1719; x_wconf 90' lang='lat' dir='ltr'><strong>de-</strong></span> 
     </span>
     <span class='ocr_line' id='line_1_13' title="bbox 294 1758 1191 1842; baseline -0.003 -21"><span class='ocrx_word' id='word_1_85' title='bbox 294 1761 430 1839; x_wconf 87' lang='lat' dir='ltr'><strong>perditos</strong></span> <span class='ocrx_word' id='word_1_86' title='bbox 456 1762 555 1823; x_wconf 88' lang='lat' dir='ltr'><strong>damni</strong></span> <span class='ocrx_word' id='word_1_87' title='bbox 575 1762 691 1842; x_wconf 88' lang='lat' dir='ltr'><strong>accepti</strong></span> <span class='ocrx_word' id='word_1_88' title='bbox 711 1762 901 1837; x_wconf 83' lang='lat' dir='ltr'><strong>admoueret,</strong></span> <span class='ocrx_word' id='word_1_89' title='bbox 932 1759 1039 1820; x_wconf 86' lang='lat' dir='ltr'><strong>Amosi</strong></span> <span class='ocrx_word' id='word_1_90' title='bbox 1059 1758 1191 1838; x_wconf 86' lang='lat' dir='ltr'><strong>propbe-</strong></span> 
     </span>
     <span class='ocr_line' id='line_1_14' title="bbox 295 1858 1190 1942; baseline -0.001 -22"><span class='ocrx_word' id='word_1_91' title='bbox 295 1868 343 1921; x_wconf 80' lang='lat' dir='ltr'><strong>ue</strong></span> <span class='ocrx_word' id='word_1_92' title='bbox 364 1860 464 1921; x_wconf 90' lang='lat' dir='ltr'><strong>locum</strong></span> <span class='ocrx_word' id='word_1_93' title='bbox 486 1882 550 1942; x_wconf 92' lang='lat' dir='ltr'><strong>cap.</strong></span> <span class='ocrx_word' id='word_1_94' title='bbox 564 1866 593 1938; x_wconf 83' lang='lat'><strong>4,</strong></span> <span class='ocrx_word' id='word_1_95' title='bbox 616 1884 643 1924; x_wconf 86' lang='lat' dir='ltr'><strong>v.</strong></span> <span class='ocrx_word' id='word_1_96' title='bbox 659 1865 686 1922; x_wconf 86' lang='grc'><strong>4.</strong></span> <span class='ocrx_word' id='word_1_97' title='bbox 700 1865 729 1924; x_wconf 80' lang='grc'><strong>5.</strong></span> <span class='ocrx_word' id='word_1_98' title='bbox 743 1864 763 1921; x_wconf 89' lang='grc'><strong>6</strong></span> <span class='ocrx_word' id='word_1_99' title='bbox 776 1863 919 1941; x_wconf 88' lang='lat' dir='ltr'><strong>adaptans</strong></span> <span class='ocrx_word' id='word_1_100' title='bbox 935 1867 965 1920; x_wconf 90' lang='lat' dir='ltr'><strong>et</strong></span> <span class='ocrx_word' id='word_1_101' title='bbox 982 1858 1097 1938; x_wconf 84' lang='lat' dir='ltr'><strong>aliquot</strong></span> <span class='ocrx_word' id='word_1_102' title='bbox 1115 1877 1190 1921; x_wconf 91' lang='lat' dir='ltr'><strong>con-</strong></span> 
     </span>
     <span class='ocr_line' id='line_1_15' title="bbox 295 1957 1190 2043; baseline -0.002 -22"><span class='ocrx_word' id='word_1_103' title='bbox 295 1961 433 2023; x_wconf 88' lang='lat' dir='ltr'><strong>cionibus</strong></span> <span class='ocrx_word' id='word_1_104' title='bbox 455 1963 618 2043; x_wconf 88' lang='lat' dir='ltr'><strong>explicans.</strong></span> <span class='ocrx_word' id='word_1_105' title='bbox 672 1963 734 2023; x_wconf 88' lang='lat' dir='ltr'><strong>Sed</strong></span> <span class='ocrx_word' id='word_1_106' title='bbox 758 1981 865 2041; x_wconf 89' lang='lat' dir='ltr'><strong>parum</strong></span> <span class='ocrx_word' id='word_1_107' title='bbox 890 1960 1040 2040; x_wconf 81' lang='lat' dir='ltr'><strong>prolicere</strong></span> <span class='ocrx_word' id='word_1_108' title='bbox 1068 1965 1099 2018; x_wconf 90' lang='lat' dir='ltr'><strong>et</strong></span> <span class='ocrx_word' id='word_1_109' title='bbox 1124 1957 1190 2037; x_wconf 89' lang='lat' dir='ltr'><strong>ipse</strong></span> 
     </span>
     <span class='ocr_line' id='line_1_16' title="bbox 296 2057 1191 2145; baseline -0.004 -22"><span class='ocrx_word' id='word_1_110' title='bbox 296 2069 344 2124; x_wconf 88' lang='lat' dir='ltr'><strong>cst</strong></span> <span class='ocrx_word' id='word_1_111' title='bbox 368 2070 553 2145; x_wconf 86' lang='lat' dir='ltr'><strong>conquestus</strong></span> <span class='ocrx_word' id='word_1_112' title='bbox 580 2073 609 2125; x_wconf 82' lang='lat' dir='ltr'><strong>et</strong></span> <span class='ocrx_word' id='word_1_113' title='bbox 635 2063 684 2125; x_wconf 91' lang='lat' dir='ltr'><strong>alii</strong></span> <span class='ocrx_word' id='word_1_114' title='bbox 706 2062 889 2141; x_wconf 85' lang='lat' dir='ltr'><strong>jactitarunt.</strong></span> <span class='ocrx_word' id='word_1_115' title='bbox 932 2059 1014 2138; x_wconf 88' lang='lat' dir='ltr'><strong>Quid</strong></span> <span class='ocrx_word' id='word_1_116' title='bbox 1033 2058 1124 2137; x_wconf 80' lang='lat' dir='ltr'><strong>igitur</strong></span> <span class='ocrx_word' id='word_1_117' title='bbox 1144 2057 1191 2119; x_wconf 92' lang='lat' dir='ltr'><strong>di·</strong></span> 
     </span>
     <span class='ocr_line' id='line_1_17' title="bbox 295 2160 1190 2244; baseline -0.002 -21"><span class='ocrx_word' id='word_1_118' title='bbox 295 2164 417 2225; x_wconf 84' lang='lat' dir='ltr'><strong>camus?</strong></span> <span class='ocrx_word' id='word_1_119' title='bbox 460 2164 591 2227; x_wconf 88' lang='lat' dir='ltr'><strong>Mundus</strong></span> <span class='ocrx_word' id='word_1_120' title='bbox 617 2162 830 2244; x_wconf 85' lang='lat' dir='ltr'><strong>incorrigibilis</strong></span> <span class='ocrx_word' id='word_1_121' title='bbox 856 2169 911 2226; x_wconf 81' lang='lat' dir='ltr'><strong>est.</strong></span> <span class='ocrx_word' id='word_1_122' title='bbox 954 2160 1032 2221; x_wconf 88' lang='lat' dir='ltr'><strong>Nam</strong></span> <span class='ocrx_word' id='word_1_123' title='bbox 1052 2178 1190 2239; x_wconf 88' lang='lat' dir='ltr'><strong>quocun-</strong></span> 
     </span>
     <span class='ocr_line' id='line_1_18' title="bbox 295 2259 1188 2344; baseline -0.001 -20"><span class='ocrx_word' id='word_1_124' title='bbox 295 2283 358 2344; x_wconf 89' lang='lat' dir='ltr'><strong>que</strong></span> <span class='ocrx_word' id='word_1_125' title='bbox 385 2283 453 2325; x_wconf 92' lang='lat' dir='ltr'><strong>eum</strong></span> <span class='ocrx_word' id='word_1_126' title='bbox 485 2272 585 2327; x_wconf 87' lang='lat' dir='ltr'><strong>vertas</strong></span> <span class='ocrx_word' id='word_1_127' title='bbox 612 2266 709 2327; x_wconf 90' lang='lat' dir='ltr'><strong>echini</strong></span> <span class='ocrx_word' id='word_1_128' title='bbox 734 2266 765 2325; x_wconf 88' lang='lat' dir='ltr'><strong>in</strong></span> <span class='ocrx_word' id='word_1_129' title='bbox 797 2264 920 2326; x_wconf 91' lang='lat' dir='ltr'><strong>modum</strong></span> <span class='ocrx_word' id='word_1_130' title='bbox 950 2259 1103 2323; x_wconf 86' lang='lat' dir='ltr'><strong>aculeatus</strong></span> <span class='ocrx_word' id='word_1_131' title='bbox 1133 2267 1188 2323; x_wconf 82' lang='lat' dir='ltr'><strong>est</strong></span> 
     </span>
     <span class='ocr_line' id='line_1_19' title="bbox 296 2359 1191 2445; baseline -0.004 -20"><span class='ocrx_word' id='word_1_132' title='bbox 296 2365 413 2425; x_wconf 89' lang='lat' dir='ltr'><strong>Verum</strong></span> <span class='ocrx_word' id='word_1_133' title='bbox 443 2371 478 2425; x_wconf 90' lang='lat' dir='ltr'><strong>ut</strong></span> <span class='ocrx_word' id='word_1_134' title='bbox 504 2366 632 2445; x_wconf 82' lang='lat' dir='ltr'><strong>ingenue</strong></span> <span class='ocrx_word' id='word_1_135' title='bbox 659 2368 754 2428; x_wconf 83' lang='lat' dir='ltr'><strong>fatear</strong></span> <span class='ocrx_word' id='word_1_136' title='bbox 786 2383 952 2445; x_wconf 88' lang='lat' dir='ltr'><strong>paucorum</strong></span> <span class='ocrx_word' id='word_1_137' title='bbox 979 2360 1069 2440; x_wconf 85' lang='lat' dir='ltr'><strong>culpa</strong></span> <span class='ocrx_word' id='word_1_138' title='bbox 1095 2359 1191 2439; x_wconf 91' lang='lat' dir='ltr'><strong>pluri-</strong></span> 
     </span>
     <span class='ocr_line' id='line_1_20' title="bbox 297 2461 1191 2544; baseline -0.003 -18"><span class='ocrx_word' id='word_1_139' title='bbox 297 2483 366 2526; x_wconf 90' lang='lat' dir='ltr'><strong>mos</strong></span> <span class='ocrx_word' id='word_1_140' title='bbox 396 2464 523 2526; x_wconf 86' lang='lat' dir='ltr'><strong>involvit</strong></span> <span class='ocrx_word' id='word_1_141' title='bbox 551 2473 581 2527; x_wconf 90' lang='lat' dir='ltr'><strong>et</strong></span> <span class='ocrx_word' id='word_1_142' title='bbox 608 2467 726 2527; x_wconf 78' lang='lat' dir='ltr'><strong>infamia</strong></span> <span class='ocrx_word' id='word_1_143' title='bbox 748 2466 881 2527; x_wconf 89' lang='lat' dir='ltr'><strong>omnium</strong></span> <span class='ocrx_word' id='word_1_144' title='bbox 902 2465 1050 2544; x_wconf 89' lang='lat' dir='ltr'><strong>estquod</strong></span> <span class='ocrx_word' id='word_1_145' title='bbox 1071 2461 1191 2544; x_wconf 89' lang='lat' dir='ltr'><strong>aliquo·</strong></span> 
     </span>
     <span class='ocr_line' id='line_1_21' title="bbox 298 2563 1191 2645; baseline 0 -20"><span class='ocrx_word' id='word_1_146' title='bbox 298 2586 364 2625; x_wconf 90' lang='lat' dir='ltr'><strong>rum</strong></span> <span class='ocrx_word' id='word_1_147' title='bbox 387 2566 537 2627; x_wconf 91' lang='lat' dir='ltr'><strong>delictum.</strong></span> <span class='ocrx_word' id='word_1_148' title='bbox 568 2566 645 2627; x_wconf 90' lang='lat' dir='ltr'><strong>Nam</strong></span> <span class='ocrx_word' id='word_1_149' title='bbox 669 2586 737 2628; x_wconf 91' lang='lat' dir='ltr'><strong>cum</strong></span> <span class='ocrx_word' id='word_1_150' title='bbox 753 2565 884 2645; x_wconf 87' lang='lat' dir='ltr'><strong>optimos</strong></span> <span class='ocrx_word' id='word_1_151' title='bbox 904 2566 987 2626; x_wconf 88' lang='lat' dir='ltr'><strong>cives</strong></span> <span class='ocrx_word' id='word_1_152' title='bbox 1008 2583 1096 2645; x_wconf 88' lang='lat' dir='ltr'><strong>quam</strong></span> <span class='ocrx_word' id='word_1_153' title='bbox 1114 2563 1191 2625; x_wconf 89' lang='lat' dir='ltr'><strong>mul·</strong></span> 
     </span>
     <span class='ocr_line' id='line_1_22' title="bbox 297 2664 1191 2747; baseline -0.002 -20"><span class='ocrx_word' id='word_1_154' title='bbox 297 2673 348 2727; x_wconf 88' lang='lat' dir='ltr'><strong>tos</strong></span> <span class='ocrx_word' id='word_1_155' title='bbox 368 2665 515 2747; x_wconf 85' lang='lat' dir='ltr'><strong>Vaibinga</strong></span> <span class='ocrx_word' id='word_1_156' title='bbox 539 2668 658 2740; x_wconf 83' lang='lat' dir='ltr'><strong>babeat,</strong></span> <span class='ocrx_word' id='word_1_157' title='bbox 688 2666 810 2745; x_wconf 89' lang='lat' dir='ltr'><strong>pessimi</strong></span> <span class='ocrx_word' id='word_1_158' title='bbox 835 2665 974 2727; x_wconf 90' lang='lat' dir='ltr'><strong>nonnulli</strong></span> <span class='ocrx_word' id='word_1_159' title='bbox 998 2664 1104 2724; x_wconf 87' lang='lat' dir='ltr'><strong>famam</strong></span> <span class='ocrx_word' id='word_1_160' title='bbox 1125 2682 1191 2725; x_wconf 86' lang='lat' dir='ltr'><strong>om·</strong></span> 
     </span>
     <span class='ocr_line' id='line_1_23' title="bbox 298 2766 1191 2848; baseline 0.001 -22"><span class='ocrx_word' id='word_1_161' title='bbox 298 2784 382 2841; x_wconf 89' lang='lat' dir='ltr'><strong>nem,</strong></span> <span class='ocrx_word' id='word_1_162' title='bbox 420 2768 555 2828; x_wconf 90' lang='lat' dir='ltr'><strong>ordinem</strong></span> <span class='ocrx_word' id='word_1_163' title='bbox 588 2766 824 2848; x_wconf 85' lang='lat' dir='ltr'><strong>religionemque</strong></span> <span class='ocrx_word' id='word_1_164' title='bbox 858 2767 998 2827; x_wconf 86' lang='lat' dir='ltr'><strong>auferunt</strong></span> <span class='ocrx_word' id='word_1_165' title='bbox 1032 2774 1122 2845; x_wconf 85' lang='lat' dir='ltr'><strong>atque</strong></span> <span class='ocrx_word' id='word_1_166' title='bbox 1151 2783 1191 2827; x_wconf 85' lang='lat' dir='ltr'><strong>ex</strong></span> 
     </span>
     <span class='ocr_line' id='line_1_24' title="bbox 298 2864 1191 2950; baseline 0 -23"><span class='ocrx_word' id='word_1_167' title='bbox 298 2867 337 2927; x_wconf 88' lang='lat' dir='ltr'><strong>iis</strong></span> <span class='ocrx_word' id='word_1_168' title='bbox 357 2866 433 2928; x_wconf 89' lang='lat' dir='ltr'><strong>tales</strong></span> <span class='ocrx_word' id='word_1_169' title='bbox 459 2886 537 2947; x_wconf 91' lang='lat' dir='ltr'><strong>quos</strong></span> <span class='ocrx_word' id='word_1_170' title='bbox 566 2868 651 2950; x_wconf 90' lang='lat' dir='ltr'><strong>sequi</strong></span> <span class='ocrx_word' id='word_1_171' title='bbox 671 2868 720 2929; x_wconf 90' lang='lat' dir='ltr'><strong>vel</strong></span> <span class='ocrx_word' id='word_1_172' title='bbox 742 2870 788 2928; x_wconf 87' lang='lat' dir='ltr'><strong>ias</strong></span> <span class='ocrx_word' id='word_1_173' title='bbox 814 2874 860 2928; x_wconf 88' lang='lat' dir='ltr'><strong>est</strong></span> <span class='ocrx_word' id='word_1_174' title='bbox 887 2866 937 2927; x_wconf 90' lang='lat' dir='ltr'><strong>vel</strong></span> <span class='ocrx_word' id='word_1_175' title='bbox 961 2866 1034 2927; x_wconf 90' lang='lat' dir='ltr'><strong>utile</strong></span> <span class='ocrx_word' id='word_1_176' title='bbox 1061 2864 1112 2927; x_wconf 84' lang='lat' dir='ltr'><strong>vel</strong></span> <span class='ocrx_word' id='word_1_177' title='bbox 1136 2884 1191 2927; x_wconf 90' lang='lat' dir='ltr'><strong>uc·</strong></span> 
     </span>
     <span class='ocr_line' id='line_1_25' title="bbox 298 2967 1191 3030; baseline 0.001 -1"><span class='ocrx_word' id='word_1_178' title='bbox 298 2988 395 3030; x_wconf 87' lang='lat' dir='ltr'><strong>cesse.</strong></span> <span class='ocrx_word' id='word_1_179' title='bbox 438 2968 524 3028; x_wconf 90' lang='lat' dir='ltr'><strong>Unde</strong></span> <span class='ocrx_word' id='word_1_180' title='bbox 548 2986 611 3029; x_wconf 90' lang='lat' dir='ltr'><strong>non</strong></span> <span class='ocrx_word' id='word_1_181' title='bbox 638 2976 697 3029; x_wconf 90' lang='lat' dir='ltr'><strong>tam</strong></span> <span class='ocrx_word' id='word_1_182' title='bbox 721 2968 850 3029; x_wconf 88' lang='lat' dir='ltr'><strong>aliorum</strong></span> <span class='ocrx_word' id='word_1_183' title='bbox 877 2968 915 3028; x_wconf 91' lang='lat' dir='ltr'><strong>de</strong></span> <span class='ocrx_word' id='word_1_184' title='bbox 935 2967 1115 3028; x_wconf 74' lang='lat' dir='ltr'><strong>contusione</strong></span> <span class='ocrx_word' id='word_1_185' title='bbox 1134 2986 1191 3030; x_wconf 87' lang='lat' dir='ltr'><strong>uo·</strong></span> 
     </span>
     <span class='ocr_line' id='line_1_26' title="bbox 300 3066 1192 3150; baseline -0.001 -20"><span class='ocrx_word' id='word_1_186' title='bbox 300 3075 363 3130; x_wconf 89' lang='lat' dir='ltr'><strong>stra</strong></span> <span class='ocrx_word' id='word_1_187' title='bbox 382 3068 525 3131; x_wconf 75' lang='lat' dir='ltr'><strong>fabulatio</strong></span> <span class='ocrx_word' id='word_1_188' title='bbox 547 3088 635 3150; x_wconf 90' lang='lat' dir='ltr'><strong>quam</strong></span> <span class='ocrx_word' id='word_1_189' title='bbox 655 3076 760 3130; x_wconf 86' lang='lat' dir='ltr'><strong>nostra</strong></span> <span class='ocrx_word' id='word_1_190' title='bbox 781 3068 868 3129; x_wconf 82' lang='lat' dir='ltr'><strong>etiam</strong></span> <span class='ocrx_word' id='word_1_191' title='bbox 893 3088 929 3128; x_wconf 91' lang='lat' dir='ltr'><strong>ac</strong></span> <span class='ocrx_word' id='word_1_192' title='bbox 950 3066 1192 3148; x_wconf 82' lang='lat' dir='ltr'><strong>frequentissima</strong></span> 
     </span>
     <span class='ocr_line' id='line_1_27' title="bbox 300 3167 1193 3251; baseline -0.002 -20"><span class='ocrx_word' id='word_1_193' title='bbox 300 3168 453 3251; x_wconf 86' lang='lat' dir='ltr'><strong>quiritatio</strong></span> <span class='ocrx_word' id='word_1_194' title='bbox 474 3175 529 3245; x_wconf 88' lang='lat' dir='ltr'><strong>est,</strong></span> <span class='ocrx_word' id='word_1_195' title='bbox 549 3189 607 3232; x_wconf 88' lang='lat' dir='ltr'><strong>nos</strong></span> <span class='ocrx_word' id='word_1_196' title='bbox 628 3177 662 3231; x_wconf 90' lang='lat' dir='ltr'><strong>ut</strong></span> <span class='ocrx_word' id='word_1_197' title='bbox 682 3175 801 3231; x_wconf 89' lang='lat' dir='ltr'><strong>nosmet</strong></span> <span class='ocrx_word' id='word_1_198' title='bbox 815 3179 992 3247; x_wconf 88' lang='lat' dir='ltr'><strong>torquemus</strong></span> <span class='ocrx_word' id='word_1_199' title='bbox 1012 3167 1053 3228; x_wconf 87' lang='lat' dir='ltr'><strong>ita</strong></span> <span class='ocrx_word' id='word_1_200' title='bbox 1072 3175 1193 3231; x_wconf 85' lang='lat' dir='ltr'><strong>uosmet</strong></span> 
     </span>
     <span class='ocr_line' id='line_1_28' title="bbox 301 3268 1191 3351; baseline 0.002 -22"><span class='ocrx_word' id='word_1_201' title='bbox 301 3268 494 3349; x_wconf 87' lang='lat' dir='ltr'><strong>deploramus</strong></span> <span class='ocrx_word' id='word_1_202' title='bbox 526 3276 556 3329; x_wconf 91' lang='lat' dir='ltr'><strong>et</strong></span> <span class='ocrx_word' id='word_1_203' title='bbox 582 3269 799 3351; x_wconf 86' lang='lat' dir='ltr'><strong>necquicquam</strong></span> <span class='ocrx_word' id='word_1_204' title='bbox 830 3268 1016 3331; x_wconf 88' lang='lat' dir='ltr'><strong>consulimus</strong></span> <span class='ocrx_word' id='word_1_205' title='bbox 1048 3269 1191 3343; x_wconf 83' lang='lat' dir='ltr'><strong>medicos,</strong></span> 
     </span>
     <span class='ocr_line' id='line_1_29' title="bbox 302 3368 1191 3451; baseline -0.006 -19"><span class='ocrx_word' id='word_1_206' title='bbox 302 3389 381 3451; x_wconf 90' lang='lat' dir='ltr'><strong>quos</strong></span> <span class='ocrx_word' id='word_1_207' title='bbox 409 3370 543 3431; x_wconf 86' lang='lat' dir='ltr'><strong>videmus</strong></span> <span class='ocrx_word' id='word_1_208' title='bbox 570 3390 632 3431; x_wconf 91' lang='lat' dir='ltr'><strong>non</strong></span> <span class='ocrx_word' id='word_1_209' title='bbox 660 3390 765 3449; x_wconf 90' lang='lat' dir='ltr'><strong>pacem</strong></span> <span class='ocrx_word' id='word_1_210' title='bbox 785 3375 918 3430; x_wconf 86' lang='lat' dir='ltr'><strong>nostram</strong></span> <span class='ocrx_word' id='word_1_211' title='bbox 938 3368 1032 3446; x_wconf 88' lang='lat' dir='ltr'><strong>velle,</strong></span> <span class='ocrx_word' id='word_1_212' title='bbox 1064 3368 1119 3430; x_wconf 90' lang='lat' dir='ltr'><strong>sed</strong></span> <span class='ocrx_word' id='word_1_213' title='bbox 1142 3386 1191 3428; x_wconf 90' lang='lat' dir='ltr'><strong>ar-</strong></span> 
     </span>
     <span class='ocr_line' id='line_1_30' title="bbox 302 3466 1193 3550; baseline -0.003 -19"><span class='ocrx_word' id='word_1_214' title='bbox 302 3476 433 3549; x_wconf 84' lang='lat' dir='ltr'><strong>gentum.</strong></span> <span class='ocrx_word' id='word_1_215' title='bbox 475 3470 677 3550; x_wconf 87' lang='lat' dir='ltr'><strong>Sequentibus</strong></span> <span class='ocrx_word' id='word_1_216' title='bbox 699 3470 806 3531; x_wconf 86' lang='lat' dir='ltr'><strong>diebus</strong></span> <span class='ocrx_word' id='word_1_217' title='bbox 824 3488 902 3549; x_wconf 86' lang='lat' dir='ltr'><strong>quos</strong></span> <span class='ocrx_word' id='word_1_218' title='bbox 922 3470 1009 3531; x_wconf 70' lang='lat' dir='ltr'><strong>etum</strong></span> <span class='ocrx_word' id='word_1_219' title='bbox 1030 3466 1193 3530; x_wconf 87' lang='lat' dir='ltr'><strong>vindemia—</strong></span> 
     </span>
     <span class='ocr_line' id='line_1_31' title="bbox 302 3567 1194 3651; baseline -0.002 -18"><span class='ocrx_word' id='word_1_220' title='bbox 302 3590 370 3633; x_wconf 88' lang='lat' dir='ltr'><strong>rum</strong></span> <span class='ocrx_word' id='word_1_221' title='bbox 386 3570 526 3633; x_wconf 90' lang='lat' dir='ltr'><strong>collectio</strong></span> <span class='ocrx_word' id='word_1_222' title='bbox 542 3572 710 3651; x_wconf 87' lang='lat' dir='ltr'><strong>occupavit,</strong></span> <span class='ocrx_word' id='word_1_223' title='bbox 728 3569 940 3650; x_wconf 78' lang='lat' dir='ltr'><strong>refrigerandis</strong></span> <span class='ocrx_word' id='word_1_224' title='bbox 956 3568 1115 3633; x_wconf 77' lang='lat' dir='ltr'><strong>ruderibus</strong></span> <span class='ocrx_word' id='word_1_225' title='bbox 1133 3567 1194 3631; x_wconf 85' lang='lat' dir='ltr'><strong>dati</strong></span> 
     </span>
    </p>
   </div>
   <div class='ocr_carea' id='block_1_3' title="bbox 0 0 1533 4409">
    <p class='ocr_par' dir='ltr' id='par_1_3' title="bbox 0 0 1533 4409">
     <span class='ocr_line' id='line_1_32' title="bbox 0 0 1533 4409; baseline 0 0"><span class='ocrx_word' id='word_1_226' title='bbox 0 0 1533 4409; x_wconf 95' lang='lat' dir='ltr'><strong> </strong></span> 
     </span>
    </p>
   </div>
  </div>
 </body>
</html>
