3025 4409
574 494 682 547 Feritas
699 493 872 546 Croatarum.
1112 501 1171 562 137

278 669 343 708 rum
360 648 481 729 aliquae
497 659 655 729 parentum
671 648 839 711 incredibili
856 647 995 710 cordolio
1006 649 1106 729 plagio
1119 652 1172 712 ab·

277 750 400 825 duone,
421 750 547 812 immane
567 758 712 832 quantum
732 749 889 811 indultum.
932 750 1032 809 Media
1053 752 1172 812 circiter

276 863 367 912 nocte
387 853 571 913 immunitate
590 853 629 913 ab
649 852 790 912 incendio
811 853 894 911 6000
906 851 936 910 ll.
954 851 1170 932 necquicquam

275 960 364 1031 pacta
380 953 506 1014 diversis
523 954 600 1015 loeis
619 972 688 1013 cum
704 953 858 1012 intratum
874 957 958 1012 extra
969 951 1087 1012 moenia
1103 953 1172 1012 urbi

274 1053 353 1132 ignis
370 1053 502 1130 injicitur
513 1054 556 1115 ita
567 1053 771 1115 circumcirca
782 1053 935 1132 dispositis
950 1052 1082 1114 excubiis
1099 1072 1171 1131 por-

277 1154 378 1234 tisque
391 1153 516 1228 clausis,
536 1175 576 1216 ne
595 1154 662 1236 quis
679 1153 788 1214 civium
804 1153 883 1214 elabi
898 1164 1010 1234 posset.
1042 1155 1076 1214 ld
1094 1155 1172 1215 enim

279 1255 396 1316 cruenti
416 1255 534 1316 consilii
559 1262 624 1317 erat
647 1255 735 1314 militi
760 1255 894 1333 inprimis
917 1255 1031 1316 Oroato
1058 1255 1172 1316 tardius

277 1376 367 1437 quam
385 1356 507 1416 volebat
522 1356 651 1434 praedae
668 1356 900 1434 supervenienti,
917 1364 951 1417 ut
967 1357 1064 1417 omnis
1080 1375 1171 1418 sexus

278 1465 309 1517 et
321 1464 403 1518 aetas
414 1458 522 1517 eodem
533 1475 610 1535 rogo
621 1463 858 1517 consumeretur.
888 1457 949 1516 Sed
960 1458 1110 1518 succurrit
1120 1479 1172 1538 ge-

277 1558 427 1619 urentibus
448 1566 480 1617 et
499 1555 680 1634 ejulantibus
690 1559 790 1632 Deua,
812 1565 846 1617 ut
863 1557 1005 1637 quicquid
1023 1559 1172 1619 annitere-

278 1667 328 1719 tur
354 1679 412 1719 nec
432 1658 529 1738 portis
549 1676 607 1717 nee
626 1657 800 1732 moenibus,
828 1656 882 1717 sed
903 1676 960 1716 nec
981 1657 1068 1718 etiam
1089 1660 1171 1720 ferro

278 1759 414 1820 diffusam
432 1758 550 1820 turbam
571 1758 612 1817 ita
629 1757 833 1832 concluderet,
855 1757 927 1836 quin
945 1776 979 1817 se
996 1777 1066 1836 pars
1084 1779 1171 1838 prae-

278 1859 398 1938 cipitem
419 1859 457 1919 de
477 1857 570 1919 muris
591 1858 686 1930 daret,
707 1877 779 1935 pars
801 1876 855 1936 per
876 1857 972 1931 lunes,
994 1876 1065 1935 pars
1086 1857 1172 1919 ineli-

276 1959 354 2021 natis
379 1959 547 2038 abjectibus
574 1957 746 2031 dimitteret,
780 1977 884 2018 omnes
912 1957 1030 2018 tandem
1055 1971 1174 2036 praeter

277 2079 449 2139 perpaucos
474 2060 543 2140 igne
568 2059 761 2137 praepeditos
787 2065 817 2118 et
841 2059 964 2119 haustos
992 2058 1106 2138 absque
1127 2059 1173 2120 in·

278 2160 403 2240 signiori
422 2173 503 2221 noxa
524 2159 722 2221 elaberentur.
756 2159 909 2220 Beneficio
931 2160 1016 2219 luere
1034 2165 1175 2220 montana

279 2270 309 2329 et
334 2260 474 2322 arboreta
499 2262 530 2321 in
558 2258 697 2340 proximo
727 2260 821 2339 equiti
840 2260 1007 2334 inaccessa,
1041 2279 1103 2320 non
1129 2270 1188 2322 ta„

278 2381 347 2422 men
373 2363 447 2422 haec
472 2361 554 2422 salus
579 2361 694 2440 absque
720 2360 846 2422 vulnere
871 2360 986 2422 civibus
1013 2359 1094 2420 stetit
1119 2381 1175 2440 per

279 2481 368 2523 enses
397 2468 427 2522 et
454 2461 589 2540 sclopeta
615 2462 857 2540 penetrantibus,
886 2468 920 2522 ut
947 2479 1009 2520 non
1037 2459 1175 2539 pluribus

276 2563 388 2623 lethale
414 2562 507 2624 luisse
532 2562 667 2623 miraculi
693 2571 723 2623 et
746 2560 960 2640 omnipotentis
986 2559 1044 2620 Dei
1069 2581 1175 2624 manus

277 2664 420 2724 indicium
441 2663 489 2724 sit
531 2663 652 2723 Periere
672 2670 771 2724 autem
793 2661 856 2740 sive
876 2661 972 2720 media
992 2659 1089 2735 rabie,
1111 2661 1175 2724 sive

278 2773 350 2844 post
376 2783 415 2823 ex
434 2763 560 2824 vulnere
586 2762 656 2841 plus
683 2764 781 2824 minus
803 2760 955 2840 octoginta
974 2767 1036 2821 tres
1055 2770 1176 2840 praeter

279 2885 349 2941 eoa,
377 2883 455 2945 quos
475 2865 592 2924 flamma
613 2864 744 2942 depavit,
766 2863 908 2922 incertos.
941 2860 1175 2926 Vulneratorum

277 2967 326 3028 bis
347 2972 466 3027 centum
488 2965 673 3044 superfuere,
693 2963 798 3042 viginti
818 2962 937 3022 circiter
950 2962 988 3021 de
1003 2961 1064 3023 vita
1079 2965 1176 3028 incer-

278 3068 326 3129 tis‚
354 3068 515 3128 Eminuere
529 3087 568 3128 ex
581 3064 735 3127 trucidatis
748 3065 869 3124 Marcus
880 3061 1054 3123 Zeschlinus
1066 3065 1176 3126 Lauin-

279 3187 374 3248 ganns
393 3167 588 3246 octogenario
605 3167 709 3242 major,
731 3161 943 3245 quinquaginta
954 3163 1080 3242 amplius
1090 3167 1176 3228 annis

276 3269 372 3346 judex
396 3270 458 3346 jam
488 3268 565 3328 rude
590 3265 761 3340 donandus,
795 3263 919 3341 cygnaei
945 3263 1084 3326 candoris
1113 3266 1177 3326 dira

281 3377 380 3432 morte
406 3375 588 3447 peremptus.
634 3365 779 3425 Martinus
802 3361 956 3440 Zieglerus
982 3370 1011 3423 et
1032 3364 1096 3442 ipse
1111 3367 1175 3442 jam

281 3470 395 3531 dudum
416 3488 511 3530 canus
531 3488 566 3528 ac
588 3465 728 3528 emeritus
744 3463 840 3542 judex
857 3463 1016 3542 apoplexia
1031 3465 1082 3524 diu
1095 3464 1176 3526 domi

282 3571 376 3646 fixus,
404 3570 458 3632 sed
482 3588 545 3630 nou
561 3566 668 3630 minus
689 3566 735 3627 ad,
746 3571 873 3627 mortem
893 3585 990 3647 usque
1011 3566 1175 3628 cruciatus:
