3025 4409
373 493 430 545 lter
445 491 650 544 Brnnorieense
667 489 715 542 din
731 493 893 550 exoptatum
910 488 1073 542 retardatur.
1112 495 1174 553 265

282 648 362 708 ducti
383 647 596 728 tranquillitate
612 647 734 706 Marcus
747 645 922 706 Dolmetseb
944 648 993 704 14.
1006 645 1087 721 maji,
1109 648 1176 724 qui-

280 749 336 811 bus
370 750 510 810 omnibns
541 748 724 826 praeferrem
757 745 958 806 Abrabamum
989 745 1177 806 Hoelzelinm

281 849 510 929 septuagenario
530 849 692 925 majorem,
718 866 809 925 saepe
835 847 865 905 in
887 846 933 905 bis
955 847 1177 908 commentariis

280 957 428 1022 notabam,
455 948 613 1028 utriusque
633 949 772 1009 fortunae
798 945 901 1006 nobile
922 947 1092 1024 speculum,
1119 947 1177 1007 nisi

281 1051 446 1111 simulatam
472 1051 534 1109 vita
559 1049 716 1109 amicitiam
741 1065 893 1126 saepeque
916 1046 1056 1106 variatam
1081 1046 1176 1107 lubri-

280 1151 364 1211 eiore
390 1151 472 1211 exitu
496 1151 623 1210 finiisset
649 1151 701 1208 20.
715 1147 797 1224 Maji.
845 1146 960 1206 Addam
988 1147 1062 1207 duas
1082 1148 1178 1208 bone-
1230 1212 1233 1217 ,

171 1255 177 1260 ’
281 1250 425 1311 stissimas
442 1259 594 1310 matronas
606 1249 770 1310 Barbaram
781 1247 981 1322 Brentiauam,
998 1247 1107 1308 Felicis
1124 1249 1177 1308 Bi-

281 1333 445 1410 dembaebii
465 1350 585 1410 viduam
605 1350 823 1428 octogesimum
847 1348 1052 1429 quinquennio
1070 1369 1177 1428 super-

280 1469 413 1529 gressam
427 1451 479 1511 26.
490 1454 568 1530 Aug.
590 1460 621 1510 et
635 1450 843 1528 Magdalenam
861 1449 996 1509 Orthiam
1013 1451 1064 1510 20.
1076 1451 1177 1527 Febr,

280 1557 368 1611 notas
388 1550 468 1625 mibi,
490 1570 559 1610 enm
579 1558 691 1628 nepote
712 1569 781 1609 meo
802 1549 919 1610 Jacobo
941 1551 1067 1611 Erasmo
1089 1553 1178 1614 Gott-

279 1651 360 1710 liebii
393 1652 452 1711 mei
482 1650 579 1711 filiolo
609 1652 660 1710 27.
681 1650 781 1710 Martii
815 1650 969 1711 extinctas.
1023 1652 1178 1730 Augustae

279 1751 391 1811 Planus
416 1751 537 1831 quidam
563 1771 632 1811 enm
653 1754 723 1811 Deo
743 1749 974 1830 hominibusque
996 1749 1046 1810 diu
1067 1750 1178 1814 illusis-

280 1859 343 1927 set,
371 1852 460 1931 plura
484 1852 656 1930 hujusmodi
682 1852 881 1923 machinatus,
910 1857 1021 1924 morte,
1048 1851 1097 1910 cui
1122 1853 1178 1912 im-

281 1974 397 2032 ponere
416 1973 480 2014 non
507 1955 620 2032 potnit,
646 1954 831 2032 interceptus
860 1957 906 2012 est
931 1953 960 2010 6.
976 1950 1063 2020 Julii;
1091 1953 1178 2029 eujus

281 2054 443 2116 aleatorem
469 2054 615 2135 aliquem,
641 2075 709 2116 curn
738 2059 881 2133 proterve
908 2050 978 2110 mibi
1004 2053 1178 2131 oppederet,

281 2157 395 2235 oppido
416 2155 557 2216 contrivi.
602 2154 798 2234 Goeppingae
826 2152 915 2213 etiam
934 2152 1038 2232 vipera
1058 2151 1178 2216 sibilare

282 2256 371 2316 desiit
396 2257 447 2317 30.
470 2257 538 2318 Oet.
586 2255 820 2317 Recreationum
846 2253 979 2316 omnium
1004 2253 1097 2314 instar
1124 2256 1180 2319 luit

281 2358 425 2438 Augusti,
448 2358 522 2420 solis
543 2358 610 2433 mei,
633 2365 662 2418 et
682 2355 842 2417 illustrium
864 2355 1012 2416 Brnnonii
1033 2355 1112 2416 coeli
1130 2356 1178 2418 lu-

282 2459 394 2519 minum
420 2459 565 2520 serenitas
593 2467 623 2519 et
647 2458 734 2519 ealor
757 2459 808 2518 75.
836 2455 984 2536 epistolis,
1014 2477 1091 2536 quae
1115 2460 1178 2536 jam

282 2560 321 2619 ad
342 2579 498 2620 numerum
518 2560 767 2633 mamedune,
788 2557 947 2638 lautiisque
968 2563 1089 2634 testata,
1112 2561 1178 2640 qui-

283 2659 340 2720 bus
367 2660 480 2739 patriae
506 2679 590 2720 meae
622 2660 745 2739 frigidas
772 2656 869 2720 nubes
894 2658 1058 2736 temperavi
1088 2673 1178 2742 atque

282 2761 359 2821 adeo
386 2761 416 2820 in
436 2761 596 2840 procinctu
614 2763 678 2839 jam
698 2780 780 2822 eram
801 2779 820 2819 a
840 2758 975 2838 principe
995 2777 1064 2820 meo
1085 2760 1178 2842 impe-

282 2869 375 2939 trato,
401 2870 436 2922 ut
454 2862 545 2923 toties
565 2862 722 2939 invitatus,
747 2861 884 2924 sisterem
909 2878 957 2920 me
978 2860 1099 2923 tandem
1119 2871 1178 2925 tam

281 2961 426 3024 beneficis
441 2960 568 3025 astris²⁰
579 2962 617 3038 ¹),
642 2983 710 3025 eum
724 2981 775 3024 me
791 2961 853 3024 aive
872 2961 998 3023 fortuito
1018 2961 1081 3024 sive
1098 2963 1179 3026 fatali

284 3082 356 3123 casu
375 3063 500 3125 morbus
520 3064 675 3144 inopinato
693 3061 811 3142 dejecit,
834 3061 974 3144 domique
995 3062 1177 3128 invitissimis

285 3165 426 3244 utrinque
446 3165 535 3227 nobis
557 3165 690 3228 detinuit.
726 3164 868 3227 lenimen
888 3171 949 3226 tum
968 3164 1107 3228 desiderii
1121 3165 1180 3226 mei

284 3265 386 3344 accepi
409 3265 553 3345 imagines
580 3265 708 3348 Augusti
735 3265 824 3344 senii,
853 3273 883 3328 et
907 3265 1059 3346 virginalis
1087 3285 1179 3328 venu-

228 3351 231 3358 ’
286 3365 368 3425 statis
399 3365 478 3426 filiae
509 3367 644 3448 Sibyllae
676 3367 803 3432 Ursulao
834 3365 871 3430 ml
899 3367 1010 3444 ,irratam
1042 3367 1180 3445 eorporis

285 3471 428 3528 staturam
455 3467 566 3532 affabra
595 3467 727 3552 depietae
735 3516 746 3549 ,
774 3467 850 3534 inter
877 3465 992 3530 citinella
1019 3465 1178 3540 habendes,

287 3569 334 3630 ll.
353 3569 480 3649 August.
502 3578 532 3632 et
553 3571 582 3634 7.
598 3567 766 3652 Septembr.
810 3567 886 3634 Nate
907 3565 992 3632 etiarn
1015 3565 1178 3630 Witrtemb.
