3025 4409
321 515 382 574 Μ
593 508 676 562 Liber
692 508 734 560 ΙΙΙ.
771 507 954 561 tom-lusu.

325 665 435 726 siverit.
484 663 601 741 Quibus
630 665 736 724 merito
764 665 843 724 addo
868 663 979 724 lobum
1007 664 1222 723 llartmeuuum

257 845 260 850 .
325 765 526 828 Enenlrelium
546 765 690 825 baronem
712 764 946 838 llolteneccium‚
979 763 1079 824 fratris
1101 764 1223 824 achacii

324 872 456 944 (summo
483 864 554 926 mihi
581 864 688 925 dolore
715 865 845 944 abrepti)
867 864 1023 926 amicitiam
1051 864 1222 926 successio-

323 973 370 1032 nis
387 974 458 1049 jure
486 965 693 1028 eruditissimis
714 963 809 1025 literis
832 965 1045 1044 deposcentem
1074 973 1103 1024 et
1131 985 1222 1025 exco-

324 1072 448 1140 lentem;
472 1087 549 1149 quac
570 1074 729 1147 postquam
749 1064 780 1123 in
802 1083 912 1127 annum
934 1067 1026 1126 1626.
1048 1085 1145 1146 usque
1166 1067 1222 1126 du-

324 1177 434 1242 rasset,
463 1187 559 1248 aeque
587 1167 718 1228 dolenda
746 1170 843 1224 morte
870 1165 953 1227 linita
981 1173 1035 1228 est.
1084 1165 1222 1246 Denique

324 1277 355 1330 et
380 1268 536 1330 Beltlmsar
566 1268 641 1328 baro
674 1265 947 1327 Schrotenbachius
979 1265 1147 1344 politissimi
1178 1265 1223 1325 in-

324 1368 403 1449 genii
419 1367 599 1447 exemplum,
616 1387 703 1450 quam
722 1351 904 1444 Arg'eutinae
921 1365 1143 1428 familiaritatem
1168 1366 1223 1426 ob-

324 1468 407 1541 tulit,
430 1469 645 1531 humanissimis
666 1467 760 1527 literis
782 1467 975 1528 continuavit.

368 1570 529 1632 Caeterum
557 1571 680 1648 majoris
712 1569 856 1628 momenti
887 1567 956 1642 luit,
986 1568 1068 1647 quod
1104 1567 1160 1628 sub
1192 1568 1222 1628 id

325 1679 444 1753 tempus
462 1670 596 1732 adversis
616 1669 735 1731 casibus
752 1669 967 1748 opponendum
981 1669 1092 1747 putavi,
1115 1687 1223 1748 nempe

325 1772 481 1835 collectum
513 1789 551 1830 ex
578 1770 693 1831 civibus
721 1770 796 1830 meis
824 1768 1020 1830 Christianam
1049 1769 1223 1829 societatem

325 1873 482 1954 superiore
506 1890 587 1933 anno
613 1873 807 1946 delineatam,
840 1889 916 1951 quae
946 1869 1082 1948 deposita
1108 1870 1224 1948 argenti

325 1974 424 2057 aliqua
451 1972 574 2033 notabili
601 1993 715 2036 summa
740 1974 772 2032 in
794 1989 938 2050 praeseus
959 1989 1125 2050 pauperum
1145 1969 1222 2030 iudi-

325 2075 441 2156 gentiam
452 2080 659 2139 succurreret:
680 2073 860 2133 infuturum
880 2089 964 2144 vero,
987 2070 1081 2131 sires
1102 2069 1142 2130 ita
1162 2070 1223 2130 ler-

324 2183 380 2251 ret
400 2174 449 2236 vel
470 2172 701 2235 occurrentibus
722 2171 950 2233 necessitatibus
970 2170 1152 2248 subveniret,
1173 2171 1224 2232 vel

324 2274 455 2356 posteris
480 2273 593 2334 recu'us
620 2271 810 2352 prospiceret
837 2278 866 2332 ct
894 2291 953 2332 una
981 2270 1126 2331 amicitiae
1148 2289 1222 2332 cou-

325 2380 461 2439 stantium
480 2380 615 2434 servaret
632 2373 826 2453 moribusque
843 2371 937 2432 deviis
952 2379 1135 2433 occurreret
1159 2371 1221 2434 Ou-

319 2480 372 2556 jus
398 2471 597 2537 fundamentis
623 2473 654 2532 in
680 2491 760 2552 pugo
788 2470 949 2533 Selierzich
979 2491 1075 2552 prope
1103 2474 1222 2552 Argen-

324 2582 454 2640 toratum
480 2571 537 2634 sub
564 2572 691 2652 prandio
715 2572 806 2649 jactis
835 2579 864 2632 et
893 2571 923 2632 iu
950 2573 1124 2634 suburbano
1152 2593 1222 2635 meo

323 2672 495 2740 recollectis
529 2691 565 2732 eo
603 2671 746 2748 diductis,
788 2679 947 2752 postquam
983 2672 1221 2752 christophorus

323 2775 513 2840 Duumlerus
539 2773 586 2834 vir
611 2775 710 2854 magui
733 2773 823 2834 animi
844 2771 991 2834 laudabile
1018 2773 1132 2836 initium
1157 2793 1221 2836 me-

324 2897 393 2941 eum
419 2874 553 2938 lecisset:
583 2875 679 2937 secuti
704 2882 776 2936 suut
801 2873 851 2934 elii
877 2879 968 2954 atque
997 2873 1061 2947 alii,
1089 2874 1166 2936 adeo
1188 2884 1222 2937 ut

322 2976 412 3042 hodic
430 2979 489 3039 hoc
509 2995 627 3038 sacrum
648 2974 817 3055 depositum
839 2975 876 3034 ad
905 2975 1221 3038 munusculorum

324 3091 468 3140 summam
492 3075 671 3154 excreverit,
699 3076 786 3151 cujus
814 3073 945 3136 rationes
975 3074 1044 3135 mili
1065 3076 1220 3137 concredi-

323 3189 369 3239 tas
397 3195 516 3258 semper
541 3175 683 3255 religiose
706 3173 797 3236 hebui
822 3175 1034 3256 suctim-esque
1061 3175 1091 3236 iu
1123 3195 1220 3239 annos

323 3277 447 3353 reddidi,
468 3277 547 3339 lieud
558 3276 661 3352 dubio,
682 3275 707 3336 si
724 3275 828 3336 eadem
843 3275 903 3336 fide
918 3282 948 3336 et
963 3275 1114 3337 alacritate
1133 3285 1220 3355 post-

322 3381 379 3444 hac
404 3377 597 3440 continuetur
611 3372 678 3453 ⁹⁸),
695 3395 818 3456 ⁴magno
845 3375 1027 3456 posteritatis
1055 3378 1216 3440 commodo

322 3482 367 3543 rei
378 3497 482 3543 secree
498 3486 529 3540 et
543 3477 690 3540 literariae
704 3477 903 3556 profuturum.
936 3477 1125 3539 succedente
1134 3497 1216 3541 euno

321 3581 373 3642 Η,
399 3581 479 3644 drea
505 3584 702 3660 pentecosten
727 3583 821 3639 mater
847 3597 914 3639 cum
936 3576 997 3638 lilia
1017 3577 1105 3638 Anus
1125 3579 1216 3640 vidua
