3025 4409
316 507 359 566 ω
586 495 716 550 11111111,
749 492 936 550 11111--1111

319 631 485 718 merent.
534 651 771 732 Supellectilium
798 651 877 711 1111111
903 650 1036 732 aequalis
1066 649 1121 711 luit
1149 669 1217 728 per-

320 756 403 818 ditio.
444 755 519 816 Nam
541 761 575 814 ut
594 753 687 833 aliqui
707 771 804 831 prope
824 751 897 811 nudi
918 760 988 812 suut
1015 750 1149 830 expulsi,
1178 750 1219 811 ita

321 855 406 918 molti
430 877 480 918 res
507 875 577 916 suas
605 855 670 915 1111
697 871 802 913 omnes
836 852 986 925 extirlere,
1022 851 1083 911 vini
1108 863 1217 925 11111111,

321 957 373 1018 ubi
393 958 491 1018 minus
511 955 628 1016 solicite
648 954 808 1016 obstruere
833 951 925 1013 cellas
951 952 1074 1026 licebat,
1105 961 1220 1012 tantum

322 1057 523 1137 deperditum,
554 1064 588 1116 ut
616 1053 796 1134 octingentis
825 1052 1020 1134 quadraginta
1047 1073 1100 1114 sex
1129 1053 1219 1114 doliis

322 1159 387 1219 sive
406 1157 557 1237 amphoris
578 1156 617 1217 sit
637 1155 831 1216 aestimatum.
866 1153 941 1213 Auri
962 1162 992 1214 et
1003 1154 1119 1233 argenti
1141 1153 1220 1214 baud

229 1313 232 1318 .
322 1258 473 1319 modicum
497 1257 563 1317 sive
588 1256 728 1318 obrutum
756 1253 820 1315 sive
848 1253 1036 1315 subductum.
1086 1255 1119 1314 ld
1145 1273 1220 1313 vero

323 1365 451 1438 quantae
477 1357 667 1436 benignitatis
698 1355 816 1416 divinae
851 1353 1034 1429 babendum,
1072 1354 1220 1416 neminem

324 1459 454 1538 graviter
473 1458 583 1519 nedum
606 1475 673 1518 eum
700 1456 779 1516 vitae
807 1455 944 1535 periculo
971 1455 1099 1528 laesum,
1129 1473 1220 1516 unum

324 1559 428 1622 saltem
453 1566 483 1620 et
509 1557 636 1619 alterum
662 1556 770 1617 leviter
798 1556 985 1618 vulneratum
1014 1575 1097 1631 esse,
1130 1556 1221 1636 idque

325 1659 486 1722 obstructis
514 1657 625 1738 passim
650 1656 724 1718 vicis
755 1664 786 1718 et
813 1657 913 1737 ignitis
941 1657 1074 1719 trabibus
1101 1664 1221 1736 praeter

323 1761 490 1840 tegularum
515 1757 708 1820 disiectiones
728 1775 848 1840 quaqua
869 1757 1021 1838 dispersis.
1054 1759 1139 1819 Unus
1159 1758 1221 1818 Ge-

324 1861 428 1940 orgius
448 1859 620 1934 SeuluftuS,
647 1859 737 1921 bomo
764 1859 1010 1940 septuagenarius
1032 1859 1221 1920 1111111111-

323 1981 382 2024 nus
401 1981 491 2043 aegre
510 1960 636 2022 animam
657 1961 808 2036 traxisset,
830 1961 969 2040 proximo
986 1962 1049 2038 jam
1070 1960 1139 2040 igne
1155 1977 1222 2020 ere-

324 2081 397 2144 pere
424 2062 538 2142 coepit,
567 2081 603 2122 ae
629 2069 768 2141 repertus
796 2069 879 2122 extra
907 2061 1012 2121 urbem
1039 2067 1086 2122 est
1111 2060 1223 2139 depor-

324 2172 418 2239 tatus,
440 2163 521 2225 unde
538 2182 608 2223 eum
629 2162 750 2223 domum
772 2170 852 2223 esset
873 2161 998 2237 relatus,
1027 2161 1132 2243 quinto
1153 2167 1223 2239 post

327 2266 375 2326 dia
401 2265 465 2327 sive
493 2263 601 2324 morbo
628 2261 693 2322 sive
719 2269 837 2324 terrore
864 2261 902 2322 ad
930 2263 1027 2323 Deum
1059 2261 1222 2341 emigravit.

326 2367 497 2445 Puerperae
521 2379 690 2444 perpaucae
717 2379 753 2422 ac
777 2362 923 2442 quaedam
951 2363 1040 2426 unius
1066 2363 1125 2424 diei
1146 2363 1223 2442 ,luga

327 2465 454 2528 salutem
474 2465 667 2534 invenerunt3
693 2461 812 2541 peperit
839 2467 869 2524 et
894 2462 1083 2526 immutarunt
1109 2465 1223 2527 loetum

327 2567 464 2648 gravida,
492 2565 547 2627 sed
571 2564 671 2625 vivum
698 2571 728 2623 et
749 2561 871 2625 Christo
893 2563 1047 2627 initiatum.
1090 2565 1155 2627 Nec
1176 2567 1223 2628 ul-

328 2677 374 2729 tra
398 2667 429 2728 iu
455 2665 591 2727 nomines
619 2665 677 2726 boc
702 2663 829 2724 immane
849 2663 1018 2728 incendium
1041 2666 1146 2727 saeviit
1165 2668 1224 2730 nisi

328 2768 409 2849 quod
430 2765 591 2845 ejulatibus
611 2773 644 2827 et
661 2765 783 2845 publico
796 2763 881 2827 luctu
896 2766 995 2827 omnia
1014 2776 1223 2846 personarent.

326 2868 403 2930 Nam
431 2867 482 2950 qui
507 2866 646 2945 planctus
674 2866 840 2946 praesentis
868 2865 995 2946 periculi
1023 2867 1224 2947 magnitudine

326 2969 470 3029 baetenm
496 2966 643 3028 cohibitus
672 2974 752 3044 erat,
779 2967 805 3028 is
827 2968 889 3046 jam
915 2967 1012 3046 palam
1040 2967 1223 3048 erumpebat,

328 3087 397 3129 eum
416 3067 523 3148 iugens
536 3067 695 3132 multitudo
710 3068 822 3129 alienas
839 3068 930 3129 sedes
945 3068 1139 3148 immigraret,
1161 3069 1225 3131 suis

328 3189 460 3232 amarum
479 3169 547 3231 vale
568 3169 689 3231 diceret.
732 3171 778 3230 Ae
798 3169 924 3234 molesta
944 3169 1119 3232 recitatione
1138 3169 1225 3232 labo-

328 3289 410 3347 rum,
432 3290 510 3352 quos
530 3289 588 3350 pro
610 3270 783 3345 domiciliis,
811 3270 944 3346 lectulis,
971 3271 1051 3332 vasis
1072 3271 1224 3352 quondam

328 3377 571 3452 supportassent,
601 3371 870 3434 reminiscebantur
899 3379 1049 3453 quotquot
1078 3372 1109 3432 in
1141 3371 1225 3433 tenui

329 3479 412 3534 sorte
432 3473 490 3536 boe
511 3473 720 3554 qualecunque
740 3473 819 3534 vitae
842 3471 1006 3535 subsidium
1028 3489 1135 3553 magno
1150 3491 1225 3533 oon-

329 3573 450 3635 stiterat
497 3574 613 3635 luterea
634 3573 681 3635 sol
704 3573 754 3634 diu
777 3573 960 3635 desideratus
982 3591 1075 3651 rogos
1102 3579 1224 3635 nostros
