3025 4409
336 491 398 553 238
602 481 684 535 Liber
701 481 744 534 VI.
777 481 961 538 rata—1649.

338 640 514 704 christianae
535 639 685 702 curandae
704 638 826 716 ingens,
854 637 942 700 labor
961 637 1153 716 perficiendis
1173 662 1229 704 ne-

338 742 428 821 gotiis
453 742 622 821 improbus,
650 739 790 819 patientia
816 739 846 798 in
874 738 1008 800 adversis
1034 739 1229 819 incredibilis,

338 844 448 924 quibus
468 843 510 904 ob
530 842 668 902 invidiam
691 848 720 901 et
740 839 917 918 fatigabatur
937 839 1016 919 ipse,
1039 849 1069 900 et
1090 841 1230 922 fatigabat

338 943 473 1004 aemulos
498 943 591 1016 alios,
618 942 712 1002 falsos
738 941 923 1019 potissimum
950 942 1057 1002 fratres
1084 951 1114 1000 et
1138 961 1230 1020 pseu·

339 1045 531 1123 dopoliticos.
580 1040 701 1120 Corpus
727 1047 823 1102 tamen
846 1041 1033 1123 quantumvis
1053 1041 1134 1102 victu
1155 1050 1230 1105 tem-

338 1145 563 1223 perantissimus
582 1140 704 1220 gerebat
724 1142 856 1202 omnium
884 1142 946 1203 sere
967 1140 1142 1206 morborum
1163 1167 1231 1208 car-

338 1244 478 1306 nificinae
499 1241 681 1321 expositum,
709 1243 898 1321 cephalaeae,
921 1242 1053 1316 cardine,
1076 1245 1230 1326 chiragrae

340 1353 371 1406 et
397 1344 562 1423 podagrae,
592 1341 708 1402 cdculo
734 1352 765 1403 et
789 1342 960 1422 nephritidi,
989 1344 1167 1408 torminibus
1200 1357 1231 1409 et

340 1465 418 1526 quac
437 1444 513 1504 aliae
532 1461 570 1502 ex
590 1441 737 1521 frequenti
758 1443 923 1504 medicinae
942 1461 999 1502 usu
1016 1445 1160 1508 accedere
1175 1467 1228 1510 so-

339 1547 417 1620 lent,
438 1521 582 1618 fidicuiis,
604 1541 712 1622 quibus
732 1542 951 1621 posterioribus
972 1543 1057 1605 annis
1077 1548 1229 1624 potiorem

340 1644 484 1724 temporis
496 1651 609 1723 partem
620 1643 743 1723 grabato
760 1663 817 1704 suo
830 1651 859 1704 et
872 1643 986 1706 doloris
1002 1653 1101 1708 cestro
1116 1649 1230 1728 figeba-

340 1756 399 1810 tur.
426 1745 591 1806 Confectus
600 1752 699 1804 tamen
708 1745 862 1805 diarrhaea
874 1751 928 1816 est,
950 1732 1017 1804 cum
1029 1766 1122 1827 aquas
1140 1751 1229 1812 etiam

339 1847 551 1912 famosissimas
576 1843 872 1920 Hornhusauas²⁵⁹)
893 1844 1007 1922 pridem
1034 1848 1228 1927 adhibuisset,

339 1959 422 2014 reete
442 1965 578 2020 secusne,
600 1945 706 2006 medici
727 1945 866 2020 dixerint,
894 1946 923 2005 2.
941 1944 1020 2006 Nov.
1042 1947 1098 2010 sub
1119 1969 1228 2030 vespe-

337 2073 415 2128 ram,
436 2067 541 2128 magua
560 2045 644 2108 urbis
663 2044 908 2124 Noribergensis,
928 2046 1041 2122 majore
1061 2047 1106 2108 rei
1125 2048 1229 2114 litera-

339 2153 416 2229 riae‚
443 2149 498 2212 aed
524 2147 656 2210 omnium
676 2145 802 2206 maxima
822 2145 966 2208 ecclesiae
982 2147 1112 2224 jactura,
1142 2151 1228 2231 quic-

339 2253 412 2336 quid
436 2251 523 2313 etiarn
548 2247 659 2310 invidia
683 2247 814 2308 nuncin
841 2245 938 2307 sinum
958 2246 1053 2308 rideat
1073 2255 1103 2310 et
1123 2250 1227 2314 trium-

338 2357 418 2435 phet,
439 2371 507 2414 cum
527 2349 661 2410 noudum
680 2347 785 2408 aetatis
806 2348 846 2406 54
864 2347 1051 2425 excessisset,
1074 2351 1227 2415 nobilibus

339 2464 437 2518 tamen
450 2459 540 2530 atque
554 2447 702 2510 duraturis
717 2447 835 2526 scriptis
851 2447 941 2508 vitam
954 2449 1032 2510 haud
1050 2449 1142 2512 dnbio
1158 2473 1228 2516 cum

338 2557 415 2617 fama
434 2550 645 2631 producturus.
677 2547 750 2608 Mihi
770 2567 842 2608 sane
855 2549 1046 2628 supervivere
1067 2551 1227 2616 molestum

339 2661 400 2730 est,
422 2653 452 2713 in
474 2671 509 2712 ea
529 2649 655 2712 maxime
676 2668 775 2723 cavea,
800 2648 852 2710 ubi
874 2669 939 2710 cum
961 2649 1064 2712 bestiis
1086 2653 1227 2716 commis·

340 2776 392 2818 sus
412 2751 535 2825 invidia,
562 2751 645 2831 quod
665 2770 720 2830 per
740 2771 774 2813 se
794 2751 857 2812 sive
877 2770 939 2812 uon
959 2757 1059 2829 potest
1079 2754 1143 2816 sive
1163 2777 1227 2818 non

338 2855 444 2928 audet,
475 2851 534 2914 iilis
559 2859 655 2912 nmen
682 2851 730 2912 vel
756 2851 903 2914 armandis
928 2851 977 2912 vel
1003 2851 1152 2918 irritandis
1176 2859 1225 2919 vei

338 2953 539 3020 subornaudis
563 2951 611 3012 vel
633 2943 811 3032 saginandis'
827 2952 875 3014 vel
901 2951 1037 3014 fovendis
1061 2955 1109 3016 vel
1134 2977 1226 3018 exeu-

338 3057 439 3120 sandia
460 3061 490 3116 et
512 3052 646 3133 tegendis
669 3051 759 3114 ludos
780 3071 852 3114 suos
873 3059 1035 3132 perpetuos
1060 3055 1142 3132 facit,
1169 3078 1231 3146 nac

337 3155 569 3237 indignationem
589 3152 648 3215 nisi
667 3173 735 3214 cum
756 3154 817 3214 vita
836 3154 971 3233 positura
991 3154 1116 3231 videtur,
1138 3177 1227 3236 quarn

338 3262 407 3321 Deo
426 3257 545 3318 taudem
565 3255 761 3315 coercendam
782 3253 928 3335 relinquo.
951 3291 983 3302 -
1009 3255 1079 3316 Non
1096 3257 1152 3316 fnit
1171 3258 1227 3318 im-

338 3360 435 3422 munis
466 3356 514 3416 hic
543 3373 640 3415 annus
669 3354 707 3415 ab
735 3354 843 3416 ictibus
875 3355 1053 3435 serpentinis
1084 3357 1227 3420 calcaneo

339 3459 450 3522 Christi
468 3455 682 3532 insidiantibus,
704 3463 827 3535 repente
849 3477 915 3518 oum
937 3458 966 3518 in
987 3457 1073 3532 aulis,
1094 3465 1156 3518 tum
1176 3477 1226 3520 re-

338 3560 394 3623 bus
414 3557 552 3638 publicis,
573 3555 675 3617 nescio
696 3577 757 3636 quo
783 3559 955 3637 episcopatu
978 3558 1226 3620 Constantiniauo
