3025 4409
346 509 408 570 150
612 499 695 555 liber
711 501 755 554 Ν.
791 501 980 560 roeo-1639.

347 679 398 722 res
418 667 450 722 et
469 660 583 723 sacello
604 665 712 721 nostro
737 657 899 738 propiores
927 658 1088 740 minusque
1112 662 1248 724 turbidas

348 762 378 822 7.
390 760 486 840 April.
516 761 580 823 Sed
600 779 669 822 cum
690 760 824 835 (caetera
844 757 974 838 benigue
995 761 1129 833 babitus)
1150 762 1247 824 disce-

348 881 428 937 rem,
454 869 598 942 quantum
625 860 743 923 intersit
772 879 829 922 suo
856 879 894 921 an
921 861 1020 924 alieno
1042 863 1113 924 loco
1134 863 1247 939 vivere,

347 962 435 1042 coepi
445 964 483 1024 de
494 962 681 1024 exstruendo
694 961 897 1043 qualicunque
913 962 1067 1042 tuguriolo
1079 965 1203 1043 proprie
1210 963 1246 1042 ⁴)

328 1063 428 1125 ‘serio
457 1063 605 1144 cogitare,
631 1062 715 1144 quod
742 1061 830 1121 etiam
856 1062 969 1140 perfeci
996 1064 1033 1124 ab
1055 1066 1105 1125 m.
1119 1065 1190 1128 lan.
1209 1066 1247 1126 ad

348 1164 502 1241 munii,
523 1162 757 1244 immigravique,
780 1162 863 1243 quod
883 1165 968 1225 Deus
988 1163 1173 1244 auspicatum
1194 1185 1247 1226 ve·

348 1263 397 1340 lit,
424 1266 455 1326 3.
470 1263 613 1345 Augusti,
640 1264 761 1342 adjutus
781 1263 878 1343 prima
902 1265 1023 1346 quidem
1043 1265 1246 1344 liberalitlatle

347 1365 515 1442 Beujcmini
535 1363 773 1445 Buwiogbausii,
795 1364 903 1425 dehinc
925 1367 1058 1445 Agathae
1078 1365 1246 1430 Solmeusis

349 1465 468 1526 comitis
481 1465 993 1546 generosissimaellupispoletsnae
1007 1465 1113 1546 regulo
1125 1475 1246 1548 nuptae,

348 1566 495 1627 loaclrimi
515 1566 719 1628 Bokenboleri
741 1574 771 1626 et
791 1565 928 1640 aliorum,
949 1585 1029 1646 quos
1047 1565 1166 1628 Nathan
1180 1568 1245 1628 Dil-

349 1685 440 1746 gerus
466 1667 498 1727 iu
524 1667 660 1730 adversis
687 1666 851 1728 amicorum
871 1665 1116 1746 probatissimus,
1144 1669 1246 1730 couci·

129 1752 130 1765 ¹
230 1779 235 1788 ’
348 1767 449 1842 liarat,
480 1769 666 1831 florenorum
694 1765 815 1830 circiter
844 1767 906 1828 100
934 1765 1078 1828 subsidio.
1130 1767 1246 1830 Nema

347 1868 527 1950 propinquis
548 1875 578 1930 et
594 1867 809 1948 multiplicibus
820 1867 947 1928 vinculis
961 1869 1140 1946 conjunctis,
1162 1870 1247 1950 quod

349 1969 437 2031 simul
458 1970 612 2050 semelque
633 1968 827 2048 expedivero,
850 1967 961 2030 obolus
983 1989 1046 2030 nou
1067 1970 1167 2045 cessit,
1187 1971 1246 2033 nisi

347 2072 431 2152 quod
457 2071 560 2152 Agnes
586 2068 769 2148 Griiningeri
793 2066 883 2129 vidua
908 2069 1128 2132 Vareubiileria
1152 2071 1246 2133 bene-

347 2171 487 2233 ticentiae
512 2189 617 2232 omnes
642 2188 787 2231 numeros
814 2177 989 2248 opportuno
1015 2177 1151 2250 tempore
1172 2191 1246 2253 sup

346 2273 449 2353 plevit.
492 2272 573 2350 Quin
594 2271 695 2351 potius
717 2269 803 2351 quasi
824 2287 874 2330 res
894 2269 975 2332 lauta
995 2279 1184 2352 superesset,
1205 2273 1244 2334 ad

346 2395 396 2436 me
415 2374 544 2434 reditum
565 2382 595 2434 et
615 2372 787 2445 obtrusum,
809 2369 953 2452 quicquid
973 2372 1097 2434 sordida
1116 2373 1244 2436 aliorum

346 2473 490 2535 tenacitas
512 2473 700 2544 excluserat,
722 2481 756 2534 ut
777 2491 868 2552 saepe
889 2479 950 2534 tres
971 2472 1098 2534 familiae
1118 2472 1244 2536 ulendae

346 2573 466 2636 luerint
507 2571 613 2634 Nihilo
626 2579 725 2634 tamen
742 2571 896 2633 minusad
917 2572 989 2650 Maji
1009 2593 1107 2654 usque
1127 2575 1243 2637 initium

346 2696 417 2737 meo
435 2693 507 2737 aere
526 2674 597 2750 vixi,
620 2693 687 2736 cum
707 2673 841 2753 undique
862 2671 1002 2734 salarium
1020 2683 1100 2736 esset
1115 2695 1243 2755 suspen-

346 2797 422 2852 sum,
444 2793 537 2857 equo
552 2774 750 2854 magistratus,
768 2772 888 2853 pudore
902 2791 939 2832 au
956 2774 1085 2836 aliorum
1103 2775 1242 2856 exernplo

345 2887 446 2940 motus
464 2882 627 2958 quaternos
647 2873 716 2934 mibi
733 2871 934 2935 hebdomatim
959 2875 1093 2936 florenos
1120 2887 1242 2939 mutuos

345 2977 501 3040 coustituit
520 2976 591 3037 dum
606 2974 788 3055 stipendium
806 2973 926 3051 rediret,
949 2977 1058 3057 quibus
1078 2977 1168 3039 binos
1190 2997 1243 3039 so·

345 3078 437 3140 cistas
449 3085 555 3140 nostre
568 3076 695 3151 addidit,
717 3095 779 3156 quo
794 3076 939 3136 hacteuus
950 3075 1079 3138 libenter
1093 3079 1240 3160 acquievi.

344 3178 479 3241 Labores
504 3195 581 3239 vero
608 3177 739 3255 majores
767 3195 857 3257 quam
882 3195 1013 3258 unquam
1040 3185 1110 3240 ante
1137 3199 1241 3240 acore-

344 3299 416 3343 vere
443 3299 512 3342 oum
540 3277 736 3339 ecelesiastici
765 3282 829 3338 tum
849 3275 968 3354 civiles,
999 3301 1036 3341 ac
1054 3279 1098 3340 illi
1120 3279 1240 3360 quidem

344 3382 385 3444 ob
410 3381 470 3444 luis
496 3377 652 3460 popularis
674 3377 826 3439 saevitiem
849 3397 887 3439 ex
909 3379 1074 3458 superioris
1095 3379 1165 3441 anni
1187 3379 1239 3440 dc-

355 3513 541 3524 —-—-.-‹-——-—

408 3586 438 3656 l)
456 3585 524 3641 Cod.
543 3593 572 3644 Α.
590 3589 621 3644 Β.
639 3595 668 3644 et
685 3608 722 3648 a:
746 3590 873 3661 proprio.
