3025 4409
284 454 377 514 Vitem
385 458 413 512 et
423 454 585 516 hodiernam
596 461 625 516 at
635 462 788 516 comeciam
801 457 971 516 cumdolore
984 459 1107 534 respicit.
1119 469 1180 534 105

282 615 349 678 lero
372 613 480 694 juveni
505 613 669 678 lectissimo
696 623 727 680 et
753 616 825 678 mibi
852 615 939 678 valde
964 618 1109 698 probato,
1142 639 1181 683 ex

284 715 390 778 Galliis
417 722 448 778 et
468 715 578 796 Anglia
604 717 709 780 reduci
734 718 853 781 italicae
875 719 963 780 etiam
990 726 1020 782 et
1039 721 1180 802 Hispani-

282 837 337 878 cae
356 816 526 897 lingimrum
548 817 788 902 qualemcunque
809 819 1012 902 cognitionem
1032 841 1089 902 per
1110 843 1179 885 suc·

282 918 376 981 cisiva
396 918 519 982 contuli.

322 1019 485 1101 Nunquam
505 1037 580 1081 vero
605 1023 751 1086 tacendus
778 1023 848 1086 mihi
869 1030 915 1087 est
933 1025 1001 1087 Joh.
1019 1022 1179 1089 Corradus

282 1121 446 1200 Sebiizius,
473 1122 636 1204 Vaibingae
663 1124 695 1185 in
720 1144 755 1186 re
781 1126 920 1205 pertenui
939 1131 1024 1208 patre
1044 1125 1178 1192 vitriario

280 1228 379 1298 natus,
402 1222 454 1304 qui
475 1242 544 1285 cum
564 1223 596 1286 in
617 1224 734 1304 triviali,
756 1245 833 1307 quae
853 1226 895 1288 ibi
916 1234 970 1307 est,
992 1227 1096 1290 schola
1111 1227 1179 1291 lite·

280 1344 383 1387 rarum
403 1324 552 1404 tyrocinia
572 1326 643 1388 satis
664 1326 792 1388 feliciter
812 1328 947 1406 iecisset,
973 1349 1013 1392 ne
1033 1327 1096 1391 ulla
1115 1329 1179 1391 lor-

280 1432 372 1488 tunae
397 1425 508 1504 injuria
533 1446 552 1487 a
576 1427 722 1507 pertinaci
754 1449 857 1516 earum
890 1429 990 1492 studio
1018 1436 1048 1492 et
1074 1449 1177 1494 amore

281 1527 378 1589 arceri
403 1534 525 1607 posset,
560 1547 626 1589 mea
653 1536 683 1592 et
707 1530 819 1593 lodoci
845 1530 1030 1610 Machtolphi
1054 1532 1178 1594 misera-

280 1630 364 1692 tione
392 1634 566 1710 susceptae,
598 1630 679 1693 fotus
705 1637 735 1692 et
761 1631 1024 1710 Hirsaugiensibus
1049 1631 1177 1696 alumnis

281 1731 399 1794 solicita
418 1731 677 1794 commendatione
697 1731 829 1792 insertus
851 1737 905 1792 est.
951 1731 1009 1792 Ubi
1028 1732 1061 1794 iu
1081 1734 1177 1797 tribus

278 1832 402 1913 linguis,
427 1832 515 1913 poesi
534 1832 659 1914 insuper
679 1839 710 1894 et
728 1832 843 1894 musica
862 1837 983 1912 praeter
1002 1832 1075 1894 alias
1096 1841 1177 1898 artes

278 1934 419 1996 liberales
437 1932 611 2014 praeclaros
632 1936 787 2015 proiectus
808 1933 888 2012 lecit,
908 1932 1108 1997 nobilioribus
1129 1937 1176 1998 in-

279 2035 375 2118 geniis
402 2035 558 2098 sedulitate
584 2042 614 2097 et
640 2037 788 2120 obsequio
808 2056 879 2117 par,
905 2037 983 2100 vitae
1004 2036 1177 2098 innocentia

278 2137 445 2221 probatior,
468 2157 545 2218 quae
564 2138 664 2218 ipsum
684 2140 723 2201 ad
742 2139 877 2202 diversas
899 2137 1093 2201 ecclesiastici
1109 2159 1175 2201 mu-

279 2241 361 2303 ueris
394 2240 539 2302 stationes
577 2241 730 2318 comitata,
763 2241 936 2302 familiarem
963 2239 1034 2302 mihi
1065 2245 1095 2301 et
1122 2239 1177 2302 filii

279 2344 351 2406 loco
376 2342 508 2404 habitum
533 2342 622 2421 iecit,
650 2350 680 2406 et
704 2363 761 2424 per
781 2344 822 2406 20
844 2343 963 2404 circiter
983 2361 1080 2404 annos
1102 2362 1175 2404 cou-

280 2450 393 2508 stanter
413 2444 552 2507 servavit.
597 2446 667 2521 Quo
689 2445 777 2507 etiam
796 2464 978 2508 amanuense
1000 2449 1030 2506 et
1050 2445 1175 2508 conscio

278 2549 310 2611 iu
332 2546 471 2610 omnibns
491 2544 583 2608 rebus
603 2546 678 2608 meis
699 2546 823 2628 privatis
839 2567 905 2608 sum
920 2565 1004 2622 usne,
1026 2545 1174 2609 destinato

280 2656 386 2713 contre
405 2647 585 2728 multiplices
610 2647 773 2711 edumnias
793 2649 982 2712 innocentiae
1006 2666 1091 2709 meae
1111 2648 1174 2711 fido

279 2759 310 2815 et
329 2750 450 2814 oculato
471 2755 563 2829 teste,
586 2769 675 2832 quem
694 2750 815 2814 turbato
836 2758 960 2813 naturae
981 2747 1101 2826 ordine,
1123 2749 1175 2811 vix

278 2853 439 2919 tricenario
449 2857 604 2932 maJ'orem,
619 2851 761 2915 asthmate
772 2856 801 2917 9.
806 2853 886 2918 Nov.
897 2852 1089 2932 Wildbergee
1102 2851 1175 2914 mibi

277 2963 469 3039 praereptum
489 2954 570 3015 serio
590 2953 682 3035 lugeo
705 2960 735 3016 et
754 2955 910 3018 desidero:
938 2959 1110 3035 opportune
1129 2959 1174 3016 ta-

278 3078 348 3122 men
375 3057 431 3119 sibi
458 3056 490 3118 in
516 3075 619 3118 veram
638 3055 807 3120 libertatem
827 3063 898 3138 post
921 3055 1102 3138 multiplices
1123 3077 1174 3120 ae-

277 3179 409 3237 rumnas,
426 3159 606 3223 domesticas
620 3159 708 3221 etiam
722 3161 898 3224 vexationes
913 3159 1095 3222 vindicatum
1110 3178 1174 3222 nou

279 3263 418 3325 diffiteor.
856 3333 866 3343 ¹,

319 3363 451 3427 labente
471 3383 552 3426 auno
572 3362 707 3440 morbus,
730 3363 782 3446 qui
801 3363 880 3426 vitae
902 3363 990 3426 etiam
1005 3360 1111 3424 minari
1128 3359 1173 3421 vi-

279 3465 420 3543 debatur,
449 3487 497 3529 me
523 3465 666 3547 primum,
693 3463 763 3527 dein
788 3471 818 3527 et
839 3465 998 3544 conjugem
1019 3462 1172 3542 corripuit,

280 3573 370 3656 atque
390 3567 459 3630 huic
480 3568 586 3632 durior
606 3573 636 3630 et
654 3564 824 3630 diuturnior
843 3565 912 3642 lnit3
933 3563 1114 3629 revaluimus
1128 3571 1173 3628 ta-
