3025 4409
457 519 512 573 lter
528 519 710 574 autriacom.
745 520 972 577 numanam.
1120 530 1163 592 83

260 678 350 739 dines
373 674 627 755 Super-Animui
646 684 828 739 conventum
848 680 1035 755 indixissent,
1054 688 1091 742 ut
1108 683 1162 763 qui

143 792 144 811 ¹
260 776 460 839 sinceriorem
476 776 698 837 consessionem
719 779 801 839 serio
822 788 978 856 servatam,
1001 780 1160 845 continua-

259 886 319 939 tam
340 884 521 958 auctamque
540 876 668 953 velient,
699 879 779 940 inter
804 899 839 940 se
867 880 985 943 lucilius
1011 882 1160 944 eadere
1201 880 1205 885 ’

258 978 403 1040 conterre
431 978 581 1058 simulque
609 998 646 1037 ex
668 980 781 1058 optima
800 988 890 1061 atque
911 983 1032 1062 egregia
1050 982 1158 1045 illustr.

257 1079 406 1160 principis
427 1078 678 1157 Wiirtembergici
697 1080 854 1141 voluntate
881 1089 988 1143 contra
1008 1083 1158 1145 clancula-

257 1180 324 1241 rios
345 1178 467 1260 aliquos
495 1178 635 1239 fiduciam
661 1180 881 1263 consiliumque
901 1203 1011 1262 capere
1031 1184 1158 1264 possint

143 1334 145 1369 ᾗ
257 1280 331 1342 Non
350 1280 458 1341 deesse
474 1279 552 1339 enim
569 1286 658 1359 atque
674 1300 712 1339 ex
723 1282 916 1360 primoribus,
931 1285 983 1365 qui
993 1285 1043 1345 vel
1055 1293 1159 1364 aperte

258 1379 490 1460 Cinglianorum
511 1378 555 1441 uti
571 1380 698 1441 credunt
718 1383 848 1444 acumini
862 1384 989 1460 faveant,
1007 1394 1042 1447 nt
1061 1386 1158 1449 eidem

258 1504 293 1545 se
314 1482 504 1555 submittant,
531 1488 565 1542 nt
585 1488 616 1541 et
636 1500 670 1541 se
690 1500 849 1561 opponere
866 1485 1037 1547 hominibus
1057 1494 1158 1549 tantm

257 1582 432 1647 subtilitatis
459 1588 489 1642 et
512 1580 686 1642 literaturae
711 1602 775 1643 nou
804 1584 918 1661 ausint,
948 1586 1079 1668 denique
1105 1587 1158 1669 qui

258 1686 290 1746 in
316 1682 474 1763 religionis
502 1702 575 1743 cura
603 1689 771 1762 tepescant,
803 1683 914 1763 quitus
940 1688 968 1748 si
999 1687 1158 1770 quisquam

258 1794 363 1865 aperte
385 1784 536 1845 contraire
555 1782 637 1857 velit,
659 1803 728 1843 cum
747 1783 910 1863 plurimum
929 1788 1062 1849 tenebris
1074 1787 1157 1850 dele-

258 1892 394 1961 ctentur,
428 1883 605 1945 camarinam
631 1884 841 1964 intempestive
870 1888 986 1949 moveri
1020 1888 1157 1950 taudem-

257 2007 318 2069 que
341 1985 519 2065 religionem
537 1984 594 2047 sub
611 1984 801 2064 politicarum
817 1986 1051 2049 commotionum
1067 1986 1157 2061 mole,
1212 2035 1215 2041 .
1307 1984 1311 1991 '

257 2087 358 2171 (quod
378 2086 468 2149 unice
488 2085 613 2164 velint),
639 2085 736 2147 obrui.
1216 2172 1220 2180 '

299 2190 469 2269 Superesse
493 2206 567 2247 vero
601 2186 719 2268 aliquos
744 2187 938 2265 Augustauae
964 2186 1158 2265 incorruptae

259 2287 464 2353 confessionis
481 2286 595 2362 fideles,
618 2288 736 2366 pietate,
759 2307 871 2365 genere
890 2297 920 2348 et
939 2286 1061 2365 iugenio
1083 2306 1158 2351 con·

257 2391 393 2472 spicum,
416 2406 546 2469 quorum
566 2388 733 2463 autoritate,
756 2388 824 2449 zelo
843 2394 873 2449 et
885 2387 1038 2470 vigilantia
1056 2388 1157 2449 tracte

259 2510 318 2553 nus
340 2508 466 2569 serpens
488 2488 539 2549 illa
559 2509 595 2550 ac
613 2488 736 2551 sibilans
752 2488 860 2569 religio
877 2490 1006 2551 cohibita
1020 2488 1068 2564 sit,
1090 2490 1157 2570 qui-

257 2591 316 2653 bus
337 2588 411 2651 nihil
431 2609 527 2670 aeque
549 2596 663 2668 gratum
684 2590 724 2650 sit
744 2590 876 2650 futurum
897 2610 986 2671 quam
1010 2589 1048 2650 (le
1065 2591 1157 2650 Wiir-

258 2691 476 2769 tembergensis
515 2690 660 2751 ecclesiae
694 2699 847 2752 consensu
880 2698 910 2752 et
941 2689 1157 2769 promtitudine

264 2809 462 2871 cognoscere.
515 2790 670 2872 Simulque
697 2791 861 2852 nominavit
886 2791 1005 2873 aliquos
1025 2792 1157 2871 optimae

260 2892 356 2952 laurae
384 2898 414 2951 et
439 2890 620 2953 certissimae
646 2891 676 2953 iu
697 2891 843 2969 religione
864 2892 934 2953 fidei
954 2891 1039 2953 viros
1060 2891 1157 2973 iisque

259 2990 354 3053 veluti
374 2991 519 3069 praefecit
538 2992 691 3061 nobiliss,
718 2992 893 3071 religiosiss.
915 2999 946 3053 et
965 2991 1157 3071 ingeniosius.

263 3092 361 3153 virum
389 3091 439 3152 dn.
462 3092 648 3154 Ludovioum
674 3092 945 3168 Hubeufelrlmnm,
979 3093 1068 3171 eujus
1092 3094 1157 3174 pie-

262 3200 321 3268 tas,
350 3192 486 3272 probitas
513 3198 543 3253 et
570 3193 698 3255 eruditio
724 3213 787 3255 non
814 3200 927 3253 tautum
951 3193 1032 3272 apud
1053 3196 1157 3258 ortbo

263 3293 361 3371 (loxos
384 3293 415 3354 in
436 3292 564 3353 maximo
586 3293 683 3371 pretio
706 3293 753 3369 sit,
776 3294 831 3355 scd
852 3301 883 3354 et
898 3300 1061 3357 novatores
1083 3314 1157 3357 cou-

263 3394 354 3457 tineat
381 3392 586 3473 limitibusque
607 3393 839 3456 circumscribat
880 3395 986 3476 ltaque
1005 3395 1156 3457 molestis-

262 3494 337 3556 simo
365 3492 557 3557 scholarchae
585 3492 687 3555 officio
713 3493 864 3573 fatigatum
893 3495 995 3558 multis
1015 3494 1157 3575 precibus

262 3594 394 3671 servari,
426 3614 465 3655 ne
496 3594 596 3657 locum
628 3593 706 3655 sorte
733 3595 820 3657 cedat
846 3615 883 3657 ex
913 3615 1018 3657 eorum
1046 3614 1157 3675 genere

914 3696 957 3757 δῦ
