3025 4409
362 503 422 562 19⁰
631 494 715 547 Liber
730 493 762 546 V.
796 494 980 550 ima-atta.

361 672 409 713 me
431 652 460 712 in
482 650 555 730 ipsis
578 650 712 731 exequiis
734 651 884 714 illustriss
906 651 980 714 Julii
1000 651 1146 713 Friderici
1161 653 1250 714 Wiir-

361 750 543 830 tombergici,
564 770 632 811 cum
649 751 677 810 ei
683 752 767 828 justa
783 753 920 830 iacerem,
938 753 1085 832 corripuit
1104 754 1154 816 18.
1163 752 1251 832 Apri-

359 853 412 928 iis,
434 851 530 933 qualis
547 853 644 927 jama
665 854 859 914 autanuarii
886 856 1045 934 conjugem
1067 862 1250 930 exercuerat,

359 963 391 1014 et
416 954 454 1014 ad
481 954 531 1014 15.
548 953 647 1013 Martii
676 955 894 1033 propemodum
923 956 991 1017 neci
1017 955 1148 1016 dederat.
1193 954 1251 1016 Cui

356 1053 522 1133 abigendae
542 1059 669 1134 uterque
690 1074 756 1114 cum
772 1055 881 1115 familia
899 1054 1022 1116 Calvam
1043 1055 1173 1135 indeque
1192 1056 1251 1118 aci·

358 1154 445 1215 dulas
473 1153 694 1215 Thainacenses
720 1155 883 1231 adivimus,
917 1163 947 1218 et
973 1158 1074 1218 divino
1101 1155 1249 1218 beneficio

359 1254 570 1316 saluberrimas
581 1255 696 1334 experti
708 1275 821 1317 snmus.
845 1257 992 1336 Egressus
1004 1257 1095 1317 domo
1106 1257 1156 1318 28.
1166 1259 1249 1338 Apa,

358 1357 421 1417 voti
447 1375 517 1417 reus
543 1356 573 1418 3.
586 1354 669 1417 Junii
698 1356 819 1418 domum
851 1357 935 1418 redii.
978 1356 1092 1418 Eodem
1125 1377 1249 1420 munere

357 1457 450 1536 paulo
472 1464 542 1536 post
560 1457 688 1518 revaluit
708 1456 843 1519 Gottiieb
865 1477 903 1518 ex
924 1457 1051 1537 maligna
1071 1456 1149 1532 tabe,
1161 1479 1247 1540 quam

357 1558 388 1617 in
405 1558 545 1637 stipendii
555 1557 756 1638 Tubingensis
774 1557 913 1620 convictu
929 1557 1087 1633 contraxit,
1098 1558 1149 1639 qui
1164 1567 1248 1639 post-

356 1659 412 1719 iiac
433 1679 548 1720 mecum
576 1659 663 1735 vixit,
691 1665 721 1719 et
740 1657 960 1720 ecclesiasticae
981 1657 1144 1720 functionis
1164 1667 1247 1739 tyro-

356 1759 434 1820 cinia
460 1762 555 1839 prima
586 1760 658 1820 iecit
674 1761 703 1820 2.
737 1758 814 1838 Aug.
846 1758 877 1818 in
904 1756 1003 1819 vicino
1031 1759 1246 1840 Hesiaco¹⁹²).

356 1862 430 1922 Post
450 1861 544 1922 nobili
564 1861 709 1940 pueritiae
730 1859 981 1921 Reischachianae
1004 1860 1100 1938 prolis
1122 1883 1246 1942 praece-

355 1970 426 2041 ptor
445 1963 593 2035 admotus,
615 1963 655 2021 1⁰
669 1963 744 2040 Aug.
766 1959 797 2020 in
818 1959 912 2038 ipsius
934 1960 1103 2022 convictum
1121 1964 1245 2026 transiit.

354 2064 434 2122 Dum
456 2061 568 2122 Calvae
588 2080 701 2133 essem,
729 2061 883 2140 antiquum
913 2060 987 2122 iliud
1007 2061 1094 2124 uicus
1115 2064 1245 2126 aemula-
1368 2135 1369 2140 η

351 2162 443 2224 tionis
464 2147 626 2236 recruduit,
647 2161 847 2222 imitatoribus
860 2160 994 2222 Audlarn
1016 2170 1047 2224 et
1061 2164 1170 2241 Hesso,
1191 2165 1245 2228 illo
1368 2157 1369 2183 ¹

351 2263 514 2342 praefecto,
535 2264 593 2323 hoc
613 2262 757 2337 comario,
784 2262 885 2324 verius
904 2271 1035 2344 utroque
1055 2264 1139 2326 urbis
1159 2273 1244 2346 peste

351 2363 573 2438 nocentissima,
600 2363 683 2444 quod
709 2369 776 2423 utut
796 2382 902 2442 parum
923 2382 1021 2425 noxae
1043 2364 1169 2442 dederit,
1189 2387 1244 2428 vo-

351 2463 495 2542 luptatem
515 2470 629 2537 minen,
655 2481 744 2543 quam
771 2482 809 2522 ex
830 2463 981 2526 revisinne
1007 2464 1154 2526 ecclesiae
1177 2467 1245 2528 mihi

351 2563 568 2626 amantissimae
588 2563 687 2624 animo
700 2582 920 2644 praeceperam,
939 2565 1151 2628 amandantam
1165 2567 1244 2631 iecit

350 2663 503 2726 Andlcrus
528 2663 615 2725 etiam
640 2671 777 2743 sumptus
805 2665 954 2761 curandae
972 2665 1139 2730 valetudini
1159 2688 1243 2730 meae

350 2764 519 2844 aprincipe
528 2783 694 2826 concessos
703 2765 837 2847 nequitia
845 2787 899 2828 sua
914 2767 1090 2830 intervertit.
1112 2771 1243 2830 Domum

350 2885 506 2927 reversum
526 2864 665 2927 acerbior
685 2866 839 2928 contentio
868 2868 994 2948 excepit.
1025 2870 1245 2950 Theologaster

349 2967 469 3048 qnidam
482 2966 516 3028 Α.
525 2966 577 3027 F.¹
587 2963 638 3045 ⁰³)
654 2966 836 3048 petulantius
847 2973 876 3028 et
888 2966 1066 3031 insolentius
1080 2990 1169 3051 quam
1184 2991 1242 3050 pro

350 3067 492 3146 dignitate
511 3067 543 3126 in
563 3068 688 3130 acidulis
702 3067 955 3130 Thainaccnsibus
976 3078 1084 3148 egerat
1109 3069 1190 3132 Cum
1211 3071 1243 3132 id

348 3168 438 3230 bonis
461 3167 600 3230 omnibus
621 3189 656 3230 ac
681 3170 752 3230 mihi
779 3168 980 3248 displicuisset
1011 3177 1041 3231 et
1061 3169 1101 3231 ob
1122 3171 1154 3232 id
1173 3191 1242 3250 pas-

349 3269 405 3331 sim
426 3269 502 3329 maie
522 3268 647 3344 audiret,
658 3269 756 3331 visum
771 3275 817 3330 est
833 3269 944 3330 homiui
956 3270 1074 3333 effronti
1092 3278 1121 3333 ct
1138 3271 1242 3333 effreni

338 3371 378 3441 in
397 3389 445 3432 mc
465 3369 652 3448 potissimum
673 3370 814 3450 impetum
836 3371 944 3433 iacere.
966 3371 1117 3432 invectiva
1138 3372 1240 3453 itaque

342 3471 503 3546 jactantiae
524 3477 555 3531 ct
574 3469 643 3531 bilis
663 3469 753 3549 plena
772 3470 810 3531 ad
831 3471 1081 3551 me14.August.
1103 3471 1180 3548 data,
1194 3471 1239 3533 in-

342 3571 491 3647 juriarum
511 3590 595 3633 reum
616 3570 685 3650 agit.
719 3571 785 3632 Nec
798 3571 990 3636 hocsatiatus
1011 3591 1068 3650 pro
1095 3579 1240 3652 suggestu
