3025 4409
351 505 411 564 133
623 497 705 550 usa
722 497 752 548 v.
788 497 969 554 ttae-1642.

350 656 431 715 Frid.
459 657 613 733 Benjamin
633 676 652 714 a
672 654 882 733 Miinchiugen,
910 663 940 716 et
959 655 1100 716 Mauritio
1122 676 1141 714 a
1162 654 1241 716 Cro-

351 757 410 815 nek
428 756 628 831 cubiculariis,
648 756 774 835 Philipp.
793 757 907 817 Ludov.
926 755 1072 834 Schilling
1088 755 1242 816 aGanstat

351 866 509 932 structore,
532 858 641 938 quibus
662 877 759 935 nuper
780 858 906 919 accessit
922 858 1069 918 Henricus
1085 855 1240 916 Wezelius

352 961 389 1020 de
400 959 532 1021 Marsilia
547 957 691 1018 famulitio
709 965 876 1036 exemptus,
893 958 922 1017 iu
942 978 1002 1038 quo
1021 958 1132 1036 Georg.
1143 955 1240 1017 Woll-

349 1081 436 1141 gang.
451 1061 534 1120 Zorn
549 1058 757 1137 aPlopsheim,
774 1059 928 1138 Philippus
945 1057 1075 1118 Carolus
1091 1059 1128 1116 ab
1140 1057 1240 1117 llelm-
1361 1109 1362 1150 3

350 1162 438 1235 stadt,
456 1161 583 1238 Magnus
599 1179 618 1218 a
629 1159 834 1236 Gemmingen,
853 1159 901 1219 Jo.
920 1158 1108 1219 Eberhardus
1125 1159 1240 1218 Truck-
1361 1163 1362 1180 ¹

350 1281 400 1323 ses
428 1261 464 1320 ab
493 1259 671 1336 lloeffingen
698 1270 727 1318 et
758 1260 806 1319 Jo.
835 1259 1007 1320 Ludovicus
1041 1259 1241 1338 Sainctbange

349 1362 522 1442 persistunt.
559 1359 750 1436 Gynaeceum
771 1379 844 1420 vero
866 1359 999 1419 Barbara
1020 1359 1114 1420 Maria
1133 1360 1241 1420 comite

349 1460 551 1534 Ebersteinia‚
585 1461 746 1520 Theodora
780 1460 987 1540 Stetenbergia
1024 1469 1094 1520 nata
1118 1459 1241 1520 -Nervia

349 1563 509 1643 praelecta,
521 1561 674 1621 Dorothea
696 1559 846 1621 Elisabeth
869 1561 905 1620 ab
923 1561 1112 1634 Utteuhol'e11,
1128 1562 1242 1638 Agatha
1362 1625 1363 1636 ,

350 1663 536 1742 Margaretha
556 1682 574 1720 a
593 1661 710 1735 Ninem,
731 1659 890 1722 Cathariua
919 1662 1123 1740 Langmautliu
1147 1670 1176 1722 et
1193 1662 1239 1722 Si-

349 1764 421 1825 billa
442 1763 537 1824 Maria
562 1761 727 1822 Hallweilia
753 1762 973 1840 absolvebatur.
1011 1763 1045 1822 ln
1073 1763 1181 1842 quibus
1209 1763 1239 1822 in

349 1865 523 1926 universum
544 1862 770 1922 considerandis
791 1863 879 1942 plura
898 1863 1031 1940 pietatis,
1054 1863 1239 1936 eruditionis,

349 1965 535 2046 prudentiae,
560 1962 771 2041 experientiae,
795 1963 942 2024 comitatis
960 1969 1049 2044 atque
1072 1974 1239 2042 temperan-

350 2068 407 2127 tiae
428 2069 602 2126 ornamenta
622 2063 863 2136 commendanda,
887 2083 974 2144 quam
995 2064 1082 2124 aulae
1103 2065 1239 2144 inquina-

348 2175 448 2228 menta
467 2164 625 2243 culpanda,
648 2164 790 2223 hactenus
813 2164 1003 2242 deprehendi.
1032 2167 1117 2240 Quae
1138 2185 1239 2227 acces-

349 2267 430 2328 soria
450 2267 538 2344 hujus
559 2264 629 2324 anni
649 2263 773 2337 luerint,
795 2263 897 2341 paucis
920 2263 1088 2342 expediam,
1111 2287 1238 2346 quorum

347 2366 520 2447 primarium
532 2364 649 2425 Wensii
668 2365 861 2441 incorruptus
882 2384 980 2439 amor,
993 2387 1054 2446 quo
1075 2367 1176 2426 denuo
1192 2387 1238 2426 me

348 2469 387 2528 ad
409 2487 442 2527 se
468 2466 551 2526 lauto
579 2463 726 2543 stipendio
752 2464 879 2528 vocavit.
920 2465 1066 2545 Principis
1093 2467 1238 2528 Ludovici

348 2565 494 2629 Friderici
514 2564 626 2639 tenelli,
649 2564 698 2625 18.
715 2564 783 2624 lan.
804 2564 864 2624 vita
885 2565 986 2640 functi,
1009 2567 1143 2646 exequiis
1158 2569 1238 2628 adfui

348 2668 483 2741 natan,
501 2671 572 2745 post
582 2665 668 2726 etiam
682 2666 731 2724 24.
753 2665 940 2726 Mausoleum
952 2667 1108 2728 Wirtemb.
1114 2668 1237 2747 princip.

349 2768 526 2847 introspexi.
569 2766 670 2827 Morbi
697 2765 758 2827 dno
787 2785 835 2826 me
864 2777 1064 2829 exercuerunt
1085 2771 1133 2831 15.
1149 2769 1237 2830 Febr.
1282 2813 1285 2823 .

349 2877 380 2931 et
399 2871 450 2931 27.
469 2868 556 2943 tulii,
578 2868 632 2928 sed
652 2866 808 2927 breviores
830 2874 859 2927 et
879 2867 1111 2944 tolerabiliores,
1134 2869 1239 2930 diltiei-

347 2970 406 3031 lius
426 2988 553 3030 uxorem
574 2970 604 3028 2.
624 2968 706 3046 Sept.
729 2988 765 3027 ac
787 2987 852 3028 cum
875 2968 1016 3030 trimestri
1041 2988 1133 3030 mora.
1176 2971 1238 3030 llo-

347 3069 435 3149 spitia
460 3070 521 3130 duo
550 3069 686 3143 luerunt,
713 3087 805 3128 unum
831 3067 862 3128 iu
889 3068 1084 3145 Moserianis,
1112 3070 1236 3131 alterum

345 3169 490 3250 principis
512 3166 646 3245 aedibus,
668 3188 742 3249 quas
764 3170 793 3230 8.
807 3168 906 3228 Martii
927 3175 957 3228 et
978 3171 1027 3229 17.
1040 3171 1122 3249 Sept.
1144 3170 1237 3230 immi-

346 3270 438 3350 gravi.
480 3270 533 3330 Bis
554 3270 722 3349 Esslingam
743 3269 924 3348 exspatiatus
952 3289 1018 3330 sum
1037 3272 1086 3332 25.
1101 3271 1187 3332 Febr.
1209 3279 1238 3332 et

346 3376 375 3434 5.
388 3372 466 3451 Aug.
479 3371 636 3431 salutatum
652 3371 753 3430 de'me
771 3370 881 3448 optime
897 3369 1033 3432 meritum
1049 3391 1150 3432 seuem
1162 3373 1236 3432 Lud.

346 3472 599 3533 Hohenseldernm
626 3491 693 3530 cum
715 3469 820 3530 delirio
846 3471 1023 3546 luctantem,
1053 3473 1144 3532 semel
1167 3469 1236 3532 Cal-

346 3592 412 3634 vam
432 3575 482 3635 16.
492 3571 589 3651 April.
630 3571 797 3632 lohannem
827 3571 1017 3634 Schiibelium
1039 3593 1057 3632 a
1078 3573 1186 3650 pietate
1209 3581 1238 3635 et
