3025 4409
267 443 271 460 ι
347 505 408 566 1³4
613 500 696 554 Liber
711 500 756 554 lV.
791 499 974 556 lesu-1639.

347 673 468 717 accessa
487 674 545 716 nos
565 658 705 718 conferre
725 657 822 718 adacti
843 677 955 719 sumus.
987 658 1118 718 Primum
1140 657 1242 735 bospi-

348 756 421 818 tium
441 756 565 835 contigit
587 777 674 819 mous
695 757 733 819 ab
750 758 981 837 Aurogallorum
1002 757 1097 817 nobili
1111 759 1242 836 aucupio

350 876 461 920 nomeu
478 857 611 919 sortitus.
639 859 696 920 Ubi
714 879 782 920 cum
794 858 831 918 ad
847 857 971 918 mediam
987 857 1107 920 circiter
1124 867 1243 919 noctem

349 966 501 1039 utcumque
518 958 750 1038 quievissemus‚
770 959 829 1019 loci
846 957 965 1020 villicus
983 977 1040 1020 nos
1057 957 1173 1037 trepide
1190 979 1244 1018 ex-

350 1059 444 1119 citans
472 1059 641 1120 convasatis
661 1059 772 1120 reculis
794 1058 871 1136 suis,
898 1059 1000 1139 opacis
1023 1066 1053 1119 et
1072 1059 1243 1120 anfractuo-

351 1159 393 1220 sis
420 1157 504 1219 silvis
529 1179 587 1220 noe
607 1159 778 1221 albescente
799 1158 847 1220 die
867 1160 988 1221 abdidit.
1035 1160 1101 1220 lam
1123 1161 1243 1241 conspi-

351 1258 507 1320 ciebantur
527 1279 565 1319 ex
585 1260 672 1337 hujus
686 1260 795 1321 montis
809 1259 921 1320 vertice
938 1260 1075 1321 distincta
1091 1260 1243 1333 incendia;

352 1362 390 1422 de
415 1361 492 1423 locis
520 1368 618 1421 tamen
645 1363 778 1422 nondum
799 1359 940 1440 liquebat.
988 1359 1040 1420 Sic
1061 1360 1147 1421 etiam
1168 1362 1244 1422 alter

352 1461 416 1522 dies
442 1461 499 1523 sub
520 1462 648 1522 borrore
676 1471 705 1522 et
724 1469 855 1522 tremore
876 1459 1103 1536 absumebatur,
1132 1461 1170 1522 de
1190 1481 1244 1522 an-

352 1582 433 1624 nona
448 1561 739 1624 tamenRebstockio
756 1561 801 1622 sic
819 1561 891 1622 satis
908 1561 1118 1640 prospiciente.
1143 1561 1245 1624 Noetu

353 1665 449 1726 dinam
466 1684 501 1725 ac
519 1663 625 1742 ingens
641 1662 810 1723 incendium
829 1662 966 1742 apparuit
984 1662 1194 1740 conflagrantis
1211 1671 1245 1724 ut

352 1766 447 1845 prima
471 1765 540 1825 luce
566 1764 700 1826 constitit
727 1762 838 1824 Calvae
864 1771 998 1836 nostrae,
1031 1763 1118 1837 cujus
1144 1763 1244 1824 tristes

354 1874 384 1927 et
409 1866 490 1927 anxii
510 1873 696 1944 spectatores
721 1865 752 1923 in
776 1863 920 1924 montium
943 1863 1025 1942 jugis
1047 1864 1243 1926 constitimus.

353 1967 525 2028 Transierat
538 1966 659 2047 quidem
672 1968 734 2043 Jam
750 1983 813 2024 non
832 1963 896 2023 sine
912 1964 990 2025 malo
1009 1965 1089 2043 apud
1108 1983 1163 2024 nos
1176 1965 1245 2025 Fri-

355 2068 473 2129 dericus
500 2066 626 2127 llolzius
654 2066 786 2146 equitum
818 2063 878 2124 dux
910 2085 978 2125 cunr
1004 2065 1109 2126 turmis
1130 2065 1246 2146 aliquot

355 2169 572 2229 Germanorum
604 2174 634 2225 et
661 2164 817 2225 Gallorum
842 2163 879 2224 ab
910 2163 1038 2225 infausta
1064 2165 1116 2225 illa
1143 2173 1172 2226 et
1202 2167 1244 2227 fa-

353 2266 406 2328 tali
425 2267 513 2328 nobis
523 2266 655 2346 Villinga
674 2264 833 2326 revocatis.
863 2265 1057 2327 Successerat
1076 2267 1121 2328 la.
1134 2269 1244 2330 Bernlr.

354 2367 536 2446 Giiltlingius
557 2366 688 2445 legatus,
711 2367 761 2427 cui
781 2366 812 2425 in
832 2366 976 2426 mandatis
997 2367 1107 2444 datum,
1128 2377 1161 2430 ut
1180 2376 1245 2432 tor-

354 2477 452 2526 menta
476 2465 609 2546 quinque
634 2467 748 2544 majora
775 2468 805 2527 in
832 2475 926 2528 tutum
953 2466 1142 2530 subduceret.
1185 2471 1246 2547 Qui

355 2567 425 2627 dum
446 2565 558 2627 lentius
576 2567 645 2647 agit,
667 2567 762 2629 bostis
783 2566 934 2627 eeleritate
955 2576 1134 2646 praeventus
1155 2571 1245 2634 nobis

354 2674 557 2747 tempestatem
581 2687 700 2730 omnem
720 2667 849 2741 induxit3
875 2667 940 2746 ipse
965 2687 1038 2729 vero
1064 2689 1131 2731 cum
1158 2673 1246 2734 nobi-

354 2769 444 2830 litatis
464 2768 620 2850 utriusque
640 2787 730 2829 sexus
747 2770 846 2848 fugam
862 2769 1247 2848 capessentismultitudine

354 2877 474 2949 praeter
498 2869 585 2929 aliam
610 2868 727 2930 turbam
749 2869 954 2949 apprehensus
980 2878 1026 2930 est
1055 2869 1245 2952 Neobiirgae.

357 2968 458 3032 Cessit
472 2970 551 3031 hosti
571 2990 638 3030 cum
659 2970 807 3050 equitatus
829 2976 858 3032 et
878 2977 1035 3048 tormenta,
1054 2977 1118 3031 turn
1139 2972 1244 3051 ingens

355 3069 519 3133 nobilitatis
539 3091 613 3152 gaza
633 3071 811 3132 otmundus
834 3069 986 3131 muliebris
1008 3072 1125 3132 maximi
1146 3073 1254 3152 pretii.-

356 3169 515 3233 anterum
543 3170 699 3233 Calvensis
725 3170 896 3251 tragoediae
923 3173 1031 3233 seriem
1063 3191 1081 3232 a
1108 3172 1246 3235 Christo-

354 3270 451 3353 pboro
473 3272 566 3334 Lucio
586 3282 783 3352 praeceptore
803 3279 909 3333 nostro
936 3272 1024 3333 nimis
1045 3291 1133 3353 quam
1153 3274 1245 3336 rebus

354 3374 393 3435 ad
416 3389 523 3454 rogum
549 3392 645 3454 usque
671 3373 755 3434 urbis
780 3379 937 3452 praesente
960 3374 1005 3434 sic
1031 3373 1142 3453 accepi.
1189 3376 1246 3436 Jo-

355 3476 467 3536 baunes
487 3473 655 3535 wenlanus
676 3473 812 3535 Bavariei
834 3473 983 3535 exercitus
1004 3473 1065 3534 dux
1087 3494 1245 3555 supremus
