3025 4409
353 476 413 540 126
618 473 700 528 Liber
715 473 759 528 lv.
793 473 975 530 law-1639.

351 640 423 692 nant
450 636 480 691 at
499 629 661 691 imminent.
706 629 833 692 Morbus
860 631 946 692 etiam
968 636 1001 692 ut
1021 629 1183 694 violentior
1203 632 1245 692 ita

351 731 473 792 brevior
503 729 610 790 invasit
635 737 665 790 et
691 730 823 792 deseruit
850 733 880 793 6.
902 730 960 807 ejd.
980 730 1133 810 Septemb.
1155 732 1244 796 Leni·

351 839 451 894 menta
475 829 524 890 vel
551 827 727 908 negligentis
746 829 795 890 vel
816 831 979 892 aversantis
1000 832 1139 892 fortunae
1159 832 1244 894 fuere

350 934 388 996 ad
409 931 578 1009 religiosam
599 929 679 990 illam
698 929 864 1010 principem
881 931 1114 1010 Niirtingensem
1136 951 1243 994 excur-

350 1035 398 1096 sio
418 1033 495 1111 prid.
508 1031 587 1093 Non.
601 1030 626 1090 F
627 1029 704 1092 ebr.:
726 1031 873 1092 Friderici
893 1039 923 1094 et
938 1031 1032 1093 Ulrici
1052 1033 1176 1094 fratrum
1196 1051 1243 1111 pr.

350 1130 757 1211 Wiirtembergicorum'³¹)
780 1132 818 1192 ad
837 1152 885 1194 me
906 1131 1013 1193 invisio
1035 1134 1063 1193 5.
1082 1132 1140 1209 ajd.
1156 1130 1242 1194 tulii:

351 1233 484 1295 Danielis
509 1233 634 1294 Hitzleri
662 1231 852 1310 Griiningero
878 1232 908 1320 in
938 1233 1147 1312 praepositura
1173 1252 1243 1294 suc·

350 1333 474 1396 cedauei
493 1332 673 1394 meritissimi
694 1331 885 1406 familiaritas,
906 1333 976 1398 dum
996 1333 1122 1398 acidulis
1136 1334 1243 1396 Taina-

350 1432 529 1496 nacensibus
549 1432 748 1494 valetudinem
763 1433 855 1494 Junio
878 1441 907 1494 et
919 1434 1002 1496 lulio
1018 1433 1171 1496 mensibus
1190 1454 1243 1496 cu-

351 1543 413 1605 rat‚
438 1543 596 1596 renovata:
624 1532 814 1594 conversatio
841 1534 1109 1613 Buwiugbausiana
1135 1554 1153 1594 a
1179 1542 1243 1596 tur-

349 1634 469 1697 binibus
489 1633 578 1710 hujus
598 1632 765 1712 praesentis
786 1632 879 1694 oestri
899 1653 1037 1696 avocans.
1076 1636 1243 1696 Accessere

350 1734 482 1801 muueris
501 1733 686 1807 diverticula,
707 1740 769 1794 tres
791 1732 936 1796 acclesiae
951 1734 1078 1795 ministri
1095 1734 1242 1796 defunctis

349 1844 380 1898 et
404 1842 547 1916 promoto
574 1834 704 1908 suffecti,
733 1833 784 1913 qui
811 1853 892 1896 nunc
918 1835 1160 1898 concreditorum
1185 1854 1242 1900 nu-

348 1957 463 2000 raerum
483 1939 533 1998 bt).
552 1956 668 1998 mecum
689 1933 849 2013 complent.
883 1936 1015 2000 Ornatus
1036 1956 1139 2000 sacrae
1159 1937 1242 1998 aedis

347 2045 470 2102 nostrae
491 2036 697 2110 continuatus,
725 2041 755 2095 et
776 2034 802 2096 si
823 2054 899 2115 quae
920 2036 979 2098 alia
998 2036 1142 2100 amicitiae
1163 2038 1240 2100 data.

349 2140 396 2202 Ex
416 2136 629 2216 scriptionibus
654 2134 766 2213 prodiit
787 2133 945 2198 Gratitudo
971 2135 1003 2196 in
1020 2135 1098 2200 bene
1119 2138 1241 2200 meritos

351 2248 381 2300 et
407 2241 445 2300 de
471 2237 672 2300 Restitutione
698 2233 826 2314 reipubl.
854 2234 1039 2298 Christianae
1068 2237 1241 2300 libellorum

349 2339 519 2402 fasciculus.
549 2337 607 2399 llic
627 2336 714 2397 etiam
733 2354 831 2396 annus
852 2336 974 2400 abbates
995 2337 1151 2400 coenobiis
1172 2359 1240 2400 cum

348 2439 493 2518 expulsos
515 2437 653 2511 restituit,
669 2444 731 2498 tum
752 2436 812 2498 vita
833 2436 942 2498 functis
961 2435 1122 2500 substituit.
1154 2440 1240 2501 Unde

348 2546 451 2602 secuta
470 2537 546 2598 mira
569 2536 755 2598 functionum
778 2536 962 2613 decussatio‚
993 2557 1080 2619 quam
1101 2540 1240 2602 nonnulli

348 2637 592 2702 nundinationem
613 2636 849 2717 suspicabantur.
884 2635 918 2698 ld
937 2636 1075 2714 profecto
1095 2639 1154 2719 piis
1174 2659 1240 2704 om·

347 2740 437 2803 nibus
457 2736 567 2812 doluit,
587 2744 658 2816 post
678 2745 791 2803 uncum
812 2747 969 2798 revocatae
984 2736 1130 2804 libertatis
1152 2749 1181 2802 et
1202 2761 1240 2804 ex

345 2839 476 2902 vindicta
502 2837 685 2901 accessionis
713 2837 886 2918 strepitum,
913 2838 1074 2917 plurimum
1095 2839 1240 2902 ecclesiae

347 2940 473 3020 ejusque
497 2938 562 3016 juri
581 2939 763 3002 decessisse:
791 2958 879 3020 quam
900 2957 958 3018 ago
980 2959 1054 3016 reru,
1075 2947 1143 3004 utut
1163 2941 1239 3004 invi-

345 3047 404 3115 ωε,
426 3059 485 3121 qua
500 3038 621 3119 publice
639 3059 707 3100 cum
720 3038 878 3116 Sauberto‚
901 3059 960 3120 qua
978 3040 1057 3104 inter
1076 3041 1155 3104 fidos
1176 3043 1239 3122 pri-

344 3140 449 3216 vatim,
475 3139 595 3200 minime
622 3139 813 3201 dissimulavi.
861 3143 946 3218 Quae
973 3141 1060 3204 etiam
1082 3162 1100 3202 a
1120 3142 1249 3204 thecla--

346 3242 392 3322 gis
412 3241 564 3304 Britannis
584 3239 739 3319 religionis
759 3239 870 3304 scissae
891 3241 1062 3304 conciliatio
1082 3244 1239 3323 proposita

346 3349 376 3404 et
396 3348 430 3404 ut
449 3341 487 3400 de
508 3361 544 3403 ea
568 3343 646 3402 iuter
672 3340 865 3422 aequanimos
887 3342 1101 3421 dispiceretur,
1128 3363 1237 3424 magno

344 3443 413 3505 uisu
438 3440 586 3503 insinuata
612 3450 669 3515 est,
699 3459 765 3502 eam
792 3462 906 3504 mecum
933 3443 1000 3506 Jclr.
1015 3440 1237 3520 Duraeus¹³²l

345 3543 532 3605 ecclesiastes
544 3541 836 3619 scoto-Britannus,
853 3542 1038 3606 amicissimis
1048 3543 1143 3608 literis
1154 3564 1237 3606 ccm-
