3025 4409
507 500 637 556 Conditio
655 497 794 555 ecclesiae
808 477 959 556 tetermma.
1128 507 1190 570 279

296 658 387 734 tatio,
421 655 591 721 solitudinis
623 656 852 738 contemplatio,
884 655 1064 720 desertionis
1090 636 1217 722 sulita-¹

297 758 435 835 minatio,
462 759 622 840 disgratiac
642 758 863 840 compensatio,
894 759 1098 838 depressionis
1119 761 1192 822 sub-

295 859 423 935 levatio,
450 866 481 921 et
506 859 655 941 pervigilii
678 859 846 936 meditatio,
876 859 1017 922 dolorum
1037 861 1191 942 mitigatio,

182 1039 188 1052 ⁹
297 961 498 1041 suspiriorum
511 960 691 1037 consolatio,
713 961 932 1024 desideriorum
949 959 1083 1041 impletio
1104 963 1195 1026 inerit

297 1062 428 1123 aeternis
459 1061 600 1141 praemiis
630 1063 838 1139 coronandae,
870 1083 888 1124 a
914 1062 1090 1143 posteritate
1117 1083 1193 1127 vero

297 1179 364 1222 mea
384 1161 602 1224 immortalibus
623 1163 768 1226 encomiis
787 1159 1096 1244 praedicandus³⁰⁵l

339 1264 407 1324 lien
428 1281 517 1344 quam
537 1261 648 1325 invitus
668 1264 781 1326 accedo
802 1263 841 1324 ed
861 1263 1087 1328 describendam
1103 1263 1196 1327 iliade

298 1364 448 1426 malcrum
472 1365 532 1425 boc
557 1364 688 1427 carceris
713 1365 773 1426 mei
799 1383 878 1427 auno
900 1371 1008 1446 quarto
1029 1353 1195 1430 emulino-

299 1484 377 1540 rnm‚
399 1484 461 1546 qno
481 1464 582 1526 animo
594 1483 685 1545 aeger
700 1473 731 1528 et
749 1465 889 1545 corporis
909 1465 1044 1528 cruciatu
1063 1467 1196 1530 afflictis·
1317 1491 1319 1495 ·
1373 1493 1375 1500 ⁴

301 1565 396 1627 simus
418 1585 453 1627 ea
473 1565 542 1644 iuli,
569 1585 646 1649 quae
667 1565 726 1628 nisi
745 1564 777 1626 in
798 1565 911 1627 insulas
932 1566 1124 1646 deportatus,
1145 1573 1198 1630 aut
1246 1565 1251 1576 ’

301 1666 340 1726 ad
360 1685 461 1730 remos
480 1671 531 1731 vel
551 1669 672 1732 metalla
691 1667 860 1739 damnatus,
881 1666 930 1726 vel
951 1687 1019 1728 cum
1040 1667 1144 1731 bestiis
1165 1669 1196 1730 in

301 1785 393 1829 cavea
413 1771 607 1849 commissus,
628 1767 795 1848 intelligere
814 1773 867 1830 aut
885 1766 1021 1829 misereri
1040 1787 1130 1830 nemo
1153 1769 1198 1830 di-

303 1868 389 1946 dicit,
416 1870 531 1932 scilicet
555 1869 770 1950 emergentium
796 1886 946 1932 novorum
973 1866 1125 1930 hominum
1151 1870 1198 1930 in-

302 1969 475 2048 solentiam,
498 1971 687 2033 aemulorum
710 1969 872 2046 vindicias,
905 1969 1069 2032 amicorum
1095 1969 1199 2030 deserss

301 2070 430 2150 tionem,
462 2071 615 2134 sociorum
640 2071 810 2152 perfidiam,
835 2069 978 2132 clientum
1004 2067 1197 2148 oblivionem,

302 2171 531 2235 ministrantium
557 2173 692 2235 fraudem
719 2178 750 2232 et
770 2190 862 2252 supra
882 2171 982 2232 omnia
1001 2170 1201 2234 sordidissimi

304 2272 433 2335 bominis
457 2273 607 2354 impotens
632 2272 800 2354 imperium.
841 2271 919 2334 Hinc
940 2291 958 2332 a
978 2271 1200 2335 ld.Decembr.

305 2372 471 2454 superioris
492 2375 564 2437 anni
583 2374 622 2436 ad
642 2374 793 2437 ²7.Mart.
805 2373 958 2455 sequentis
979 2371 1128 2436 obeundis
1149 2393 1201 2435 ec-

305 2475 416 2536 clesiae
435 2475 544 2538 muniis
569 2475 680 2554 impar,
704 2474 787 2536 domi
805 2475 883 2536 inter
902 2473 992 2535 vitam
1012 2479 1200 2555 mortemque

305 2574 445 2638 luctatus.
487 2575 566 2637 Nam
591 2596 660 2638 cum
679 2576 739 2638 lroc
759 2595 852 2638 unum
878 2581 946 2655 aget
966 2576 1068 2655 Apap‚
1096 2581 1130 2636 ut
1151 2595 1201 2637 ec-

307 2675 429 2738 clesiam
455 2675 567 2739 Christi
600 2676 817 2756 evangelicam,
854 2680 967 2737 munta
997 2675 1201 2738 dominatione

308 2775 499 2839 Constantini
527 2778 560 2839 in
588 2775 795 2858 episcopatum
820 2775 1025 2852 Constantini,
1056 2775 1203 2856 supersti-

307 2868 391 2940 tione
411 2877 526 2940 scilicet
543 2876 576 2938 in
596 2877 775 2958 impietatem
801 2881 938 2954 enervet,
967 2882 1058 2938 exuat
1078 2883 1108 2939 et
1128 2897 1203 2940 con-

307 2978 417 3055 culcet,
438 2977 590 3058 wgiam
609 2979 699 3057 hujus
719 2977 821 3040 arcani
840 2976 1005 3038 ministrum
1025 2979 1074 3040 iric
1091 2979 1205 3042 invenit

310 3082 344 3143 L.
359 3077 488 3157 ΨΜ)
506 3084 745 3158 procuratorem,
765 3076 911 3140 scriniarii
924 3077 1032 3156 lilium,
1053 3079 1202 3143 hominem

307 3182 473 3260 juvencum
493 3188 525 3242 et
544 3179 680 3255 crudum,
700 3179 755 3240 sed
777 3199 815 3240 ex
836 3179 970 3257 iallacils,
991 3179 1153 3242 mendaciis
1175 3185 1205 3243 et

313 3283 450 3363 aucupiis
475 3288 573 3346 totum
598 3285 742 3363 qnantum
763 3285 923 3343 consutum
944 3287 974 3342 et
993 3281 1204 3362 compositum,

314 3381 364 3444 cui
387 3403 468 3446 uxor
492 3381 628 3446 cultrarii
646 3381 723 3457 iilia,
749 3399 823 3443 vere
843 3380 1006 3458 novacula,
1032 3381 1083 3443 vel
1102 3381 1205 3444 verius

313 3482 433 3564 vipera,
457 3504 536 3566 qnae
560 3485 610 3546 te.
630 3483 782 3564 Septemb.
802 3483 834 3544 in
854 3483 987 3545 furorem
1009 3481 1123 3563 empit,
1150 3503 1207 3564 per

224 3620 228 3627 ·
315 3603 394 3668 qnos
418 3601 509 3648 omne
533 3583 696 3668 iniquitatis
720 3583 896 3666 mysterium
915 3589 962 3648 est
980 3581 1100 3647 abunde
1119 3603 1208 3647 exse·
