3025 4409
546 1287 697 1369 llllllll
733 1288 1001 1371 SECUNDUS.

714 1457 841 1467 a*

504 1590 730 1638 sexenuium
766 1581 1038 1638 varurucnuss.

325 1695 518 1817 vaihingen
540 1746 577 1805 ad
599 1745 717 1806 liutium
732 1766 847 1807 amnem
862 1746 961 1813 sitam,
982 1762 1046 1823 quo
1061 1759 1160 1800 mccx
1175 1738 1224 1799 iti-

326 1854 400 1898 ncre
420 1840 561 1921 llelgico,
583 1847 663 1927 quod
686 1847 945 1907 commendatione
959 1841 1085 1920 Philippi
1106 1838 1225 1899 comitis

325 1938 520 2021 oefingaoais
546 1946 584 2005 ad
611 1946 714 2008 Joaob.
744 1948 901 2008 Ernestnm
927 1941 1114 2021 Ouolspacbi
1141 1939 1224 1998 blar-

326 2040 464 2103 cbionam
500 2045 697 2119 institueram,
728 2046 797 2107 lob.
824 2043 1039 2119 Walobius⁶⁶)
1073 2044 1223 2115 Dircctor,

327 2149 474 2221 cognatim
489 2145 633 2223 providus
648 2153 828 2219 retraxerat,
850 2152 986 2220 vocatus,
1008 2144 1068 2205 stiti
1082 2164 1131 2203 me
1144 2144 1225 2203 blar-

326 2243 369 2305 tio
390 2260 507 2319 meuse,
533 2264 606 2305 usus
627 2244 769 2306 convictu
789 2245 961 2306 Melcbioris
983 2244 1132 2323 Rangelii,
1162 2242 1225 2303 loci

327 2342 457 2423 pastoris
478 2343 765 2423 superintendentis,
785 2344 842 2406 viri
862 2345 1063 2405 candidissimi
1084 2346 1160 2405 etin
1176 2362 1225 2404 ma

328 2443 572 2522 propanm'ssimi,
604 2444 653 2504 cui
678 2464 746 2505 cum
776 2445 956 2505 bibliotheca
980 2445 1053 2505 satis
1079 2445 1225 2505 instructa
1253 2506 1258 2515 ,

329 2550 421 2617 esset,
454 2542 538 2605 licuit
563 2543 632 2605 mihi
655 2564 710 2622 per
736 2546 829 2605 otium
855 2546 938 2626 quod
964 2544 1133 2605 abundabat
1157 2564 1223 2605 eam

328 2641 507 2723 pervolvere
529 2650 559 2705 ct
579 2645 661 2726 quod
682 2664 766 2705 meae
788 2647 907 2708 deesset
926 2645 1126 2724 suppellectili
1150 2664 1222 2724 sup-

329 2745 422 2826 plere.
457 2745 569 2807 Secuto
584 2744 711 2825 Augusti
732 2747 866 2807 secundo
887 2747 1005 2825 nuptias
1025 2765 1093 2806 cum
1107 2744 1224 2824 Agnete

317 2845 498 2907 'Elisabetha
524 2845 628 2917 habui,
654 2864 806 2927 nunquam
826 2846 1022 2927 poenitendus
1041 2846 1223 2925 Boppenwi-

329 2946 390 3020 lae,
417 2946 531 3007 Josuae
558 2946 739 3025 Griiningeri
766 2948 827 3009 loci
853 2949 983 3027 pastoris
1011 2945 1086 3021 filia,
1114 2945 1222 3026 quibus

329 3066 397 3107 cum
417 3046 575 3109 interesset
594 3048 735 3108 Erasmus
757 3047 980 3127 GriiningeruS,
999 3053 1061 3107 tum
1082 3046 1224 3107 coenobii

329 3144 519 3208 Mulilontani
538 3148 639 3222 abbas,
661 3147 760 3208 soceri
780 3148 880 3223 irater,
904 3148 943 3209 ab
965 3168 1002 3208 ec
1023 3154 1159 3227 tempore
1179 3147 1223 3207 la-

329 3266 394 3307 mae
414 3266 512 3322 meae,
538 3268 614 3329 quae
635 3247 713 3326 apud
735 3247 889 3327 imperitos
910 3268 1010 3308 rerum
1031 3269 1068 3308 ex
1089 3249 1222 3328 peregri-

328 3346 499 3411 nationibus
525 3350 598 3411 meis
624 3347 791 3423 laborabat,
819 3368 920 3410 curam
947 3348 1093 3427 suscepit,
1121 3356 1151 3408 et
1170 3350 1222 3429 qui

329 3468 366 3509 ex
388 3448 515 3529 prolano
536 3451 614 3511 vitae
635 3468 745 3528 genere
766 3448 803 3509 ad
825 3469 943 3511 sacrum
964 3449 1099 3509 ordinem
1121 3449 1221 3510 subito

327 3548 503 3612 transiliisse
524 3550 764 3625 criminabantur,
786 3549 904 3629 repulit,
923 3557 975 3610 aut
988 3548 1075 3610 aliter
1088 3550 1218 3613 edocuit.
