3025 4409
372 507 435 568 m
639 501 721 554 crau
738 499 781 554 u.
818 499 1002 560 lus-1⁶49.

372 656 508 718 abbatiae
533 655 692 718 destinavit
720 659 769 718 12.
792 657 950 732 Novemb,
979 659 1017 720 de
1038 659 1126 736 cujus
1148 659 1269 720 consilii

375 763 484 820 eventu
505 774 636 837 sequens
662 758 773 836 opinor
793 777 889 820 annus
911 759 1129 836 pronunciabit.
1173 759 1268 822 Cum-

375 879 434 940 que
461 859 538 920 idem
564 858 601 918 ad
628 877 702 920 suae
726 859 813 920 aulae
838 860 1025 920 diaconatum
1052 860 1145 921 lilium
1170 881 1270 922 meum

375 959 509 1022 Gottlieb
529 967 660 1031 vocaret,
682 978 739 1018 uec
759 959 790 1019 id
812 979 861 1020 res
877 968 998 1022 nostrae
1020 963 1146 1034 ferrent,
1168 964 1269 1024 Theo-

374 1062 482 1122 dorum
501 1057 726 1120 Flammicbium
745 1058 886 1122 substitui
909 1065 936 1122 1.
956 1062 1099 1124 Decemb.
1140 1063 1269 1124 Tristem

374 1163 480 1222 borum
503 1160 598 1220 vicem
624 1159 723 1218 iecere
743 1159 849 1220 lunera
870 1181 907 1222 ex
933 1163 1111 1244 propinquis
1138 1164 1185 1226 do.
1216 1164 1269 1224 la-

374 1261 444 1324 ccbi
464 1260 603 1322 Andreae
624 1259 744 1337 nepotis
766 1279 804 1318 ex
824 1260 915 1322 fratre
935 1262 1053 1324 Joarrne
1073 1266 1102 1325 9.
1115 1265 1197 1340 lan,
1220 1265 1270 1326 cui

374 1381 443 1424 cum
463 1359 606 1440 exequias
624 1359 681 1420 iret
700 1359 824 1425 vitricus
845 1362 995 1441 Georgius
1012 1363 1170 1424 Esenwein
1191 1383 1269 1425 uxo·
1376 1417 1377 1444 ,

374 1461 417 1522 ris
444 1479 527 1521 meae
552 1460 706 1534 sororius,
738 1459 841 1539 lapsus
867 1470 1019 1524 momento
1046 1465 1195 1526 extinctus
1223 1474 1270 1526 est
1376 1453 1377 1500 l

376 1561 512 1637 illan,
533 1557 580 1620 vir
600 1559 734 1622 eruditus
756 1567 787 1622 et
804 1561 834 1622 in
853 1563 979 1625 ecclesia
997 1584 1052 1626 sua
1070 1563 1268 1626 Botwarieusi

374 1660 515 1741 vigilum
537 1659 631 1721 Maria
658 1659 744 1721 etiam
768 1661 905 1723 Greinsia
930 1664 1021 1726 vidua
1046 1673 1182 1744 cognata.
1221 1665 1268 1726 Ex

373 1762 477 1826 micis
497 1760 643 1822 ilem-icus
666 1759 819 1822 Wezelius
840 1763 878 1822 de
899 1763 1032 1826 Marsilie
1053 1785 1160 1846 eques,
1187 1766 1269 1828 sclo-

374 1873 446 1944 peto
459 1860 584 1925 fortuito
599 1879 638 1920 an
656 1860 805 1924 destinato
817 1863 962 1926 incertum
980 1867 1134 1944 perfossus
1150 1869 1179 1928 7.
1187 1867 1269 1945 Maii,

374 1966 424 2026 eui
445 1961 582 2045 sequenti
600 1963 622 2022 9
642 1960 672 2022 io
693 1960 804 2023 illustri
824 1981 939 2024 corona
959 1967 1128 2046 parentari,
1154 1965 1268 2028 loban-

374 2083 430 2128 nes
454 2061 611 2126 Reisebius
638 2061 778 2123 Austrius
805 2063 854 2140 ld.
876 2063 971 2143 April.
994 2073 1024 2127 et
1047 2067 1096 2128 lo.
1125 2067 1268 2130 Gaetulus

373 2166 512 2228 llnnnius
527 2183 566 2224 ex
581 2160 822 2239 Tnbingensibus
839 2165 1091 2228 commilitonibus
1108 2175 1268 2230 veteranus

375 2265 558 2328 summo.
601 2263 648 2323 Ex
674 2262 809 2341 patronis
835 2282 907 2325 vero
932 2264 1018 2326 facile
1045 2266 1186 2348 princeps
1208 2270 1269 2330 Lu-

374 2367 501 2428 dovicns
520 2362 723 2425 llobenlelder
743 2364 802 2439 jam
816 2382 906 2443 saepe
921 2385 939 2426 a
954 2385 1001 2426 me
1020 2367 1168 2442 laudatus
1190 2388 1268 2430 nun-

375 2486 465 2548 quam
491 2482 566 2526 vero
597 2461 624 2524 si
659 2461 766 2522 eximia
798 2462 888 2524 animi
921 2463 1001 2526 bona
1031 2475 1163 2546 spectem
1194 2469 1268 2530 satis

374 2566 556 2640 landandus,
583 2562 732 2643 planeque
751 2563 1008 2642 incomparabilis,
1031 2567 1083 2647 qui
1103 2569 1182 2630 seria
1203 2569 1268 2648 pie-

374 2673 449 2740 tate,
479 2664 639 2726 excellenti
665 2671 695 2725 et
719 2662 875 2742 multiplici
903 2665 1084 2744 eruditione,
1117 2670 1268 2732 variarum
1375 2683 1376 2700 ¹

373 2766 543 2847 linguarum
561 2784 635 2838 usu,
662 2763 828 2826 admirabili
847 2767 1073 2847 tranquillitate,
1101 2768 1268 2832 incredibili

374 2867 563 2941 humanitate,
580 2862 775 2926 oeconomiae
786 2863 951 2944 frugalitate
963 2874 993 2930 et
1003 2869 1167 2945 harmonia,
1181 2889 1268 2949 prae-

374 2977 421 3030 ter
441 2985 584 3030 summam
603 2963 779 3045 prudentiae
800 2971 831 3026 et
857 2967 1057 3046 experientiae
1083 2968 1203 3032 laudem
1228 2971 1268 3032 ad

374 3086 521 3131 sommam
540 3067 639 3129 bonae
659 3066 754 3126 lamae
774 3064 922 3144 fastigium
943 3068 1091 3144 ascendit,
1113 3070 1200 3132 senio
1221 3077 1268 3132 ta-
1374 3145 1375 3148 Ἴ

374 3188 442 3230 neu
463 3176 494 3230 at
511 3166 672 3246 apoplexia
692 3165 876 3241 debilitatus,
902 3165 992 3228 vitam
1012 3167 1172 3232 difficulter
1192 3191 1268 3250 pro·
1374 3159 1375 3174 ¹

374 3269 493 3332 ductam
513 3267 631 3328 tandem
651 3266 727 3327 uniit
747 3269 775 3328 c.
788 3265 897 3328 Octob.
921 3265 1090 3347 Essliugae,
1117 3269 1170 3330 ubi
1191 3291 1268 3332 con·

373 3369 479 3434 stantis
492 3366 574 3428 exilii
590 3367 691 3429 sedem
708 3367 823 3440 fixerat,
845 3367 1073 3445 septuagenario
1089 3369 1195 3446 major,
1218 3371 1268 3432 vir

372 3469 443 3532 mibi
464 3473 617 3530 aeternnm
645 3467 854 3529 memorandus
881 3473 911 3528 et
936 3465 1040 3530 salutis
1066 3488 1150 3530 meae
1176 3478 1265 3532 auto-
1374 3541 1375 3546 γ

371 3571 454 3632 ribus
473 3589 512 3630 ex
529 3566 631 3647 primis
651 3567 837 3642 inserendus,
858 3567 945 3642 cujus
960 3566 1073 3628 nomini
1091 3575 1122 3629 et
1135 3570 1264 3632 familiae
