3025 4409
391 459 520 518 llorcrcs
537 460 609 516 doct.
628 475 723 534 aegre,
740 463 788 518 sed
808 461 933 520 corruite
953 462 1082 538 suscepti.
1123 467 1186 532 m

287 619 364 680 lacte
386 637 541 695 suxeram,
563 618 652 682 bonis
672 619 768 682 literis
791 627 821 685 et
840 620 953 684 artibus
975 619 1097 682 firmavi.
1130 619 1186 682 llio

285 727 500 800 praeceptores
520 739 606 782 meos
629 727 749 782 sanctae
770 721 931 784 memoriae
953 722 1076 784 heroas:
1109 721 1186 784 Ger·

283 821 430 898 lacinium,
469 823 667 898 Osiandrum‚
703 823 959 900 Haicurcderum,
997 823 1186 904 Sigwartum,

285 923 498 1002 Schaefferum,
516 945 595 1006 quos
613 924 662 986 vel
679 930 806 1003 paterno
823 924 938 1000 affectu,
957 925 1007 986 vel
1024 924 1187 988 domestica

284 1023 482 1087 familiaritate
508 1024 763 1108 propensissimae
791 1026 895 1103 habui,
928 1027 1044 1103 audivi,
1075 1047 1186 1108 appro-

284 1124 354 1185 bavi
370 1132 400 1186 et
418 1126 577 1190 imitandos
590 1127 660 1189 milri
672 1128 830 1206 proposui.
862 1129 911 1190 Ad
930 1149 1059 1211 quorum
1072 1128 1187 1209 pulpita

283 1227 421 1308 adeoque
449 1228 567 1291 cineres
597 1229 636 1291 de
662 1229 780 1291 sincera
806 1236 835 1291 et
855 1229 1019 1292 inviolabili
1040 1248 1106 1291 mea
1126 1228 1186 1292 lide

285 1335 315 1389 et
344 1348 497 1392 consensu
523 1338 626 1393 sancte
652 1331 815 1412 protestari
837 1338 866 1392 et
882 1331 1024 1412 jugulare
1046 1331 1186 1394 effrenem

286 1428 480 1509 calumniam,
507 1431 533 1493 si
560 1431 676 1495 animus
702 1451 789 1495 meus
816 1433 855 1494 ad
880 1432 1088 1495 amicissimam
1113 1451 1187 1514 pre·

288 1530 457 1591 cancellarii
479 1533 679 1615 Tubingensis
701 1535 847 1615 probatae
868 1531 940 1596 fidei
965 1533 1113 1612 theologi,
1141 1534 1187 1596 in·

284 1632 472 1706 vitationem,
500 1636 649 1698 facultatis
676 1637 865 1717 theologicae
889 1635 1111 1720 liberalitatem,
1138 1642 1187 1698 to-

285 1735 345 1797 tius
372 1736 576 1799 universitatis
607 1737 785 1818 applausum
813 1755 877 1798 non
905 1755 995 1816 aegre
1023 1738 1187 1815 consensit,

285 1838 384 1899 fateor
409 1858 457 1900 me
485 1839 597 1920 aliquid
624 1840 744 1901 humani
772 1857 894 1919 passum
917 1844 947 1899 et
967 1837 1086 1917 culpam
1106 1841 1187 1919 apud

285 1959 342 2001 vos
370 1941 495 2021 (quibus
521 1942 638 2003 iuterna
659 1960 725 2002 meo
744 1941 872 2002 vulnera
892 1946 965 2002 nota
987 1939 1071 2018 sunt)
1092 1947 1187 2002 teme-

285 2043 381 2105 ritatis
407 2043 457 2104 vel
483 2043 654 2106 ambitionis
680 2044 844 2124 deprecor,
868 2047 1008 2123 paratus,
1035 2041 1062 2103 si
1087 2047 1188 2104 vestra

286 2146 374 2207 etiam
402 2144 620 2226 approbatione
647 2147 706 2208 hoc
732 2164 875 2226 supremo
901 2144 1002 2208 bonae
1027 2163 1112 2206 meae
1142 2144 1187 2205 la-

286 2267 352 2310 mae
374 2253 480 2310 contra
500 2245 720 2311 obtrectatores
742 2249 894 2312 curandae
911 2247 1014 2311 cilicio
1028 2247 1115 2310 tuero
1134 2247 1187 2309 de-

284 2353 417 2430 functus,
437 2365 591 2430 nunquam
611 2351 726 2429 majore
747 2351 839 2413 animi
858 2350 969 2413 fiducia
988 2355 1018 2412 et
1037 2349 1188 2414 strictiore

285 2460 406 2516 mutuae
426 2450 556 2513 caritatis
579 2451 786 2532 devinctione,
807 2453 1004 2516 tumamoris
1026 2454 1112 2516 etiam
1134 2473 1187 2518 ve-

285 2556 341 2621 stri
361 2556 392 2620 iu
412 2572 460 2616 me
481 2553 669 2633 certitudine,
692 2555 901 2620 communibus
922 2554 1039 2632 studiis,
1060 2555 1186 2632 actibus,

284 2659 436 2720 bonorum
468 2656 652 2718 malorumve
687 2658 909 2739 participationi
943 2657 1065 2734 adesse,
1108 2676 1187 2739 quos

285 2759 426 2822 Christus
446 2760 512 2840 ipse
533 2758 655 2840 dirigat,
678 2760 806 2840 sospitet
827 2766 857 2822 et
873 2760 951 2838 beet,
973 2760 1023 2821 cui
1042 2778 1110 2835 vos,
1131 2759 1184 2821 ad-

284 2863 408 2925 modum
427 2860 587 2922 reverendi
601 2861 716 2938 fratres,
739 2861 826 2923 seriis
839 2863 981 2944 precibus
997 2863 1185 2926 commendo.

326 2965 364 3026 V.
379 2962 444 3026 Eid.
459 2960 581 3045 Sept.*)
602 2961 638 3024 Α.
652 2963 743 3024 1641.
777 2963 842 3025 RR.
860 2965 933 3026 VV.
946 2965 1015 3027 DD.
1029 2965 1111 3030 omui
1131 2965 1187 3027 ob-

285 3067 436 3132 servantia
457 3072 487 3128 et
507 3067 641 3128 fraterno
662 3064 766 3127 ollicie
787 3063 1008 3130 addictissimus

775 3167 844 3229 doh.
858 3167 972 3232 Valen:
994 3167 1143 3232 Andreae.

326 3270 432 3335 liebus
448 3286 522 3348 ergo
536 3268 576 3328 ad
591 3267 671 3329 bunc
684 3268 807 3330 modum
821 3268 1002 3348 consumtis,
1023 3291 1091 3334 cum
1101 3271 1185 3334 bono

283 3377 353 3436 Deo
369 3373 420 3434 dd.
437 3371 521 3450 Sept.
539 3368 707 3450 Tubingam
723 3369 814 3446 redii,
832 3371 996 3455 officioque
1012 3393 1049 3436 ex
1066 3373 1184 3454 legibus

283 3473 453 3538 academiae
474 3470 730 3552 defunctus¹⁰⁴),
756 3487 928 3537 sermonem
948 3477 987 3540 ad
1007 3474 1186 3542 concionem

350 3679 380 3752 t)
397 3678 470 3735 Vide
487 3702 558 3759 quac
575 3691 658 3745 noue
673 3687 725 3748 2⁰4
741 3691 804 3746 sunt
820 3687 932 3750 inserta.
