3025 4409
462 524 603 579 Posterius
622 522 771 594 vaihingae
787 525 948 579 incendium.
1113 533 1153 591 65

255 690 303 742 ter
321 688 351 743 et
371 681 501 761 superbe
521 680 737 761 imperitabant,
760 681 964 761 effringebant,
981 682 1153 763 confringe

256 782 337 859 bant,
360 782 467 844 additis
481 782 670 843 interrorem
686 781 784 857 minis,
804 802 844 842 ne
861 782 929 863 quis
941 782 1052 844 mutiat.
1073 783 1151 845 Nam

255 884 309 964 qui
335 885 464 963 primum
485 882 625 959 injuriam
651 900 734 942 suam
756 882 909 961 deplorat,
939 890 991 945 eut
1016 891 1151 946 secretos

256 984 329 1045 illos
351 983 530 1064 iniquissimi
546 982 624 1060 juris
647 988 762 1044 meatus
783 990 913 1059 accusat,
934 984 994 1061 jam
1010 984 1151 1063 perduel-

253 1084 345 1145 lionis
366 1103 437 1144 reus
458 1092 512 1144 est.

297 1186 361 1245 Hac
382 1184 472 1263 igitur
492 1182 663 1243 infelicitate
685 1183 754 1243 hinc
768 1184 910 1259 tumidos,
932 1183 1015 1245 illinc
1027 1184 1152 1246 concul-

255 1290 340 1345 catos
361 1286 446 1345 Deus
472 1302 597 1345 severus
625 1290 655 1343 et
674 1291 776 1361 Justus
803 1282 1021 1363 Vaihingenses
1048 1284 1153 1347 revisit

254 1384 385 1445 Veneris
412 1385 461 1445 die
488 1386 517 1445 9.
541 1384 651 1445 Octob.
679 1384 754 1453 hora
780 1384 801 1442 2
827 1390 858 1443 et
884 1384 905 1443 3
938 1384 1151 1462 pomeridiana.

136 1524 137 1539 t
254 1486 375 1547 initium
397 1486 506 1546 iactum
534 1485 564 1547 in
585 1484 693 1547 iacobi
714 1482 865 1546 Semilleri
892 1484 997 1546 rustici
1016 1484 1151 1561 aedibus,

136 1582 137 1633 ἕ
254 1588 306 1648 cni
333 1606 452 1648 eausam
479 1585 599 1647 dedisse
627 1586 778 1647 viventem
805 1585 902 1646 adhuc
923 1584 980 1647 sub
1001 1585 1152 1649 cineribus

136 1760 137 1781 ξ
254 1686 386 1748 favillam
412 1686 617 1766 imprudenter
643 1686 789 1765 abjectam
811 1687 903 1764 ajunt
946 1684 1020 1747 lude
1040 1705 1151 1750 conce·

254 1794 309 1867 pto
330 1788 399 1867 igne
420 1806 488 1848 oum
508 1788 738 1851 vetustissimam
759 1788 880 1848 domum
906 1783 993 1846 facile
1014 1787 1150 1867 corripe-

253 1894 303 1948 ret
321 1895 411 1967 atque
431 1887 457 1949 is
475 1895 505 1949 et
522 1908 653 1968 superne
670 1894 700 1949 et
715 1888 831 1948 inferne
852 1895 1069 1965 perrumperet,
1086 1895 1150 1949 tum

254 1990 375 2050 demum
395 1990 523 2049 maxime
544 1991 653 2051 noxius
675 1990 739 2065 luit,
762 2007 831 2049 cum
847 1987 878 2046 in
892 1985 1060 2063 subjectum
1073 1994 1150 2049 stra·

240 2108 325 2151 rmen
347 2088 507 2150 decideret.
544 2090 648 2170 ltaque
668 2088 716 2149 hie
738 2088 856 2164 domus,
877 2086 918 2148 ibi
936 2086 1079 2147 horreum
1099 2106 1151 2149 ac-

254 2208 347 2253 censa
359 2189 479 2249 maximi
492 2189 620 2269 periculi
637 2189 719 2249 cives
733 2188 925 2249 admonuere.
960 2185 1057 2265 Cujus
1064 2194 1151 2251 tanta

253 2290 312 2352 fuit
332 2288 478 2366 celeritas,
500 2298 534 2352 ut
552 2290 636 2352 aedis
657 2288 788 2351 foemina
807 2288 972 2368 aegerrime
992 2307 1049 2367 per
1066 2290 1150 2351 sene-

251 2396 334 2453 stras
355 2396 450 2451 semet
470 2410 537 2452 cum
558 2390 662 2452 liberis
684 2389 789 2468 ejectis
810 2385 968 2467 eripuerit,
987 2388 1028 2450 ita
1049 2396 1150 2455 tamen

253 2497 291 2553 nt
316 2490 410 2553 liliola
434 2510 496 2552 una
516 2490 693 2552 novennalis
715 2489 854 2552 Barbara·
869 2488 994 2551 flammis
1015 2490 1151 2553 ambusta

252 2592 348 2654 biduo
376 2598 593 2671 postmortem
620 2611 683 2654 non
704 2591 849 2671 effugerit.
890 2590 965 2651 lnde
985 2590 1066 2653 molo
1085 2611 1150 2655 nou

252 2701 314 2754 tam
342 2692 482 2774 utrinque
513 2692 629 2753 vicinos
661 2692 824 2773 Casparem
851 2690 1088 2753 lickersteinium
1118 2699 1150 2755 et

253 2790 424 2871 Philippum
461 2791 681 2872 Steinbergium
716 2790 891 2866 invadente,
931 2809 1021 2871 quam
1047 2792 1150 2854 horrei

254 2894 372 2954 flamma
400 2892 560 2971 contiguos
580 2894 711 2973 parietes
732 2891 869 2951 aliorum·
879 2891 1059 2954 horreorum
1078 2912 1149 2971 per·

253 2994 388 3065 forante,
416 2992 502 3053 saeile
527 2994 666 3074 apparuit
692 3012 756 3054 rem
777 2992 885 3052 iterum
906 2990 1150 3072 desperatissimo

253 3094 327 3155 loco
349 3110 426 3154 esse.
462 3092 508 3155 Αο
528 3094 567 3154 ad
582 3096 715 3156 dextram
732 3093 852 3175 quidem
864 3092 973 3155 iacobi
983 3094 1150 3174 Bissingeri
1231 3142 1232 3145 ,

252 3192 314 3255 viri
330 3192 441 3270 judicis
463 3194 638 3257 strenuitate
659 3196 737 3257 intra
750 3192 893 3273 Casperio
916 3195 1007 3256 aedes
1020 3194 1148 3275 impetus

254 3293 406 3357 cohibitus
434 3301 489 3355 est.
532 3294 598 3356 Nec
617 3294 715 3357 minus
735 3314 754 3356 a
774 3295 874 3357 fronte
894 3316 984 3378 qnam
1003 3296 1072 3358 foro
1093 3296 1149 3358 ob-

212 3400 216 3407 ’
252 3396 392 3457 vertebat
427 3396 511 3457 curia
538 3395 648 3475 exiguo
674 3395 743 3458 vico
773 3396 912 3459 distincta
943 3396 1057 3477 ingenti
1080 3396 1149 3457 nisu

252 3502 382 3559 servata.
420 3496 481 3558 Sed
502 3517 520 3557 a
542 3495 669 3559 sinistris
687 3497 815 3561 maxima
828 3498 985 3561 infelicitas
997 3498 1061 3558 luit.
1093 3496 1150 3558 llic

979 3600 1000 3657 a
