3025 4409
477 510 586 566 itinera.
621 506 769 577 Augurium
787 505 988 562 licilbrunueri.
1146 516 1186 576 17

279 686 385 741 neum,
408 667 644 748 necquicquam
666 673 787 745 praeter
808 664 942 726 sedulam
963 664 1182 738 institutionem

278 766 457 828 recitatione
483 788 572 850 quatu
594 766 785 829 correctione
806 766 925 845 dignius
950 765 992 826 ibi
1013 765 1077 845 egi,
1103 766 1182 829 adeo

279 868 404 931 difficile
437 876 483 931 est
516 869 651 948 lapsante
677 868 850 948 disciplina,
884 866 933 927 cui
965 867 1182 948 necquicquam

277 970 355 1031 boni
385 970 576 1050 professores
608 988 641 1031 se
674 968 883 1049 opponebant,
916 968 1038 1028 modum
1068 976 1182 1031 tenere.

278 1072 393 1149 Hyems
424 1069 631 1143 intentissimo,
654 1070 767 1149 frigore
802 1077 831 1130 et
862 1068 1074 1129 arboretorum
1102 1088 1183 1130 noxa
1223 1061 1225 1066 ’
1251 1141 1255 1145 Α

278 1169 422 1231 notabilis
442 1171 513 1245 tuit,
542 1192 578 1231 ac
598 1172 791 1231 Donawerda
815 1179 878 1231 tum
898 1169 1008 1229 Bavari
1034 1169 1124 1230 armis
1144 1168 1182 1229 li·

236 1294 241 1303 ·
278 1270 395 1331 bertate
423 1278 453 1331 et
479 1270 625 1350 religione
652 1271 775 1346 excidit,
805 1272 892 1347 cujus
917 1290 975 1330 nos
995 1277 1182 1349 spectatores

279 1370 400 1432 luimus.
453 1373 550 1451 liujus
575 1372 702 1452 periculi
732 1373 796 1434 sive
824 1380 904 1433 metu
930 1370 994 1432 sive
1021 1370 1183 1433 occasione

280 1482 427 1553 patronus
448 1472 625 1533 Gatianerus
646 1472 683 1533 ad
711 1492 743 1533 se
771 1492 818 1533 me
840 1472 990 1533 Labacum
1011 1470 1183 1549 Caruiolae,

280 1582 316 1635 ut
341 1574 422 1635 domi
449 1574 598 1635 strictiore
627 1574 812 1653 experientia
844 1573 1001 1652 probaret,
1036 1575 1183 1648 evocavit,

281 1674 365 1756 quod
391 1675 447 1734 iter
468 1694 536 1735 cum
558 1674 708 1735 difficilius
734 1694 818 1735 rneae
841 1672 1045 1751 complexioni
1064 1673 1183 1734 videre-

281 1786 344 1851 tur,
379 1775 570 1835 dissuadente
596 1775 720 1854 insuper
752 1774 820 1853 ipso
848 1776 1004 1833 Herwarto
1037 1782 1067 1833 et
1092 1794 1183 1854 repu-

280 1875 456 1955 gnantibus,
479 1873 588 1954 quibus
610 1874 738 1955 obsequi
759 1875 804 1934 ias
826 1879 889 1933 erat
910 1873 993 1946 meis,
1016 1876 1096 1935 cessi
1116 1876 1183 1936 iun-

280 1974 373 2036 ctioni
400 1982 429 2035 et
451 1974 618 2053 Esslingam
645 1995 662 2034 a
690 1973 785 2035 nobili
819 1970 1033 2050 theologorum
1060 1974 1184 2036 fratrum
1295 2023 1297 2028 .

281 2074 357 2155 pari,
378 2074 515 2153 Philippo
538 2082 567 2135 et
587 2074 703 2135 Jacobo
726 2072 965 2148 lleilbrunueriS,
986 2092 1047 2133 una
1067 2074 1183 2153 pilento

256 2218 259 2225 ,
280 2175 435 2237 traductus
457 2174 604 2235 concessi.
639 2175 695 2234 llic
716 2194 784 2235 cum
805 2175 941 2255 utrisque
964 2174 1032 2235 vale
1053 2175 1185 2237 dicerem

280 2284 312 2337 et
337 2296 394 2356 pro
420 2277 524 2335 favore
552 2274 661 2353 gratias
687 2294 822 2354 agerem,
849 2275 983 2336 lacobus
1009 2296 1067 2355 pro
1095 2294 1129 2337 se
1155 2283 1186 2337 et

280 2377 374 2439 fratre
395 2376 530 2437 locutus:
555 2394 622 2435 cum
644 2395 702 2437 avo
722 2383 790 2450 tuo,
812 2376 921 2455 inquit,
944 2375 1096 2457 quondam
1116 2376 1185 2437 vale

280 2472 433 2551 dicerem,
458 2475 510 2537 ille
532 2496 591 2556 qua
612 2474 729 2537 solebat
750 2476 931 2537 humanitate
952 2476 1065 2556 optima
1093 2494 1185 2556 quae·

280 2596 342 2657 que
362 2582 502 2655 precatus
524 2576 645 2652 addidit,
668 2576 751 2657 quod
773 2576 844 2638 olim
860 2577 1015 2637 lohannes
1036 2576 1074 2635 de
1097 2573 1185 2635 Chri-

281 2686 331 2739 sto
352 2676 528 2737 vaticinatns
551 2684 611 2738 est:
645 2684 767 2755 oportet
787 2684 817 2738 te
838 2696 989 2752 cresccre,
1017 2682 1185 2737 meantem

280 2776 392 2851 minui,
422 2776 459 2835 de
481 2787 510 2837 te
532 2797 613 2839 nunc
633 2778 722 2857 plane
743 2777 876 2851 ominor,
903 2785 934 2838 et
957 2783 1110 2837 atratum
1136 2776 1184 2852 sit,

280 2880 379 2939 Deum
402 2877 506 2939 adoro.
548 2877 613 2938 Nec
633 2877 727 2939 abfuit
747 2898 821 2939 vero
842 2877 916 2938 tanti
936 2876 993 2937 viri
1016 2876 1185 2956 augurium,

281 2998 351 3051 curu¹
372 2976 463 3056 paulo
490 2986 561 3057 post
581 2978 791 3039 mortalitatem
813 2977 958 3049 exuisset,
987 2995 1118 3051 menon
1140 2977 1187 3038 in·

281 3079 398 3139 decoro
425 3078 456 3139 in
484 3080 611 3140 ecclesia
632 3078 691 3140 Dei
710 3077 783 3140 loco
804 3079 949 3157 reposito.
991 3078 1074 3137 idem
1094 3096 1185 3153 nunc,

280 3180 322 3240 mi
338 3180 475 3255 juvenis,
497 3186 618 3259 repeto,
642 3188 672 3239 et
692 3178 740 3239 avi
760 3178 804 3239 tui
825 3177 1064 3238 benedictionem
1088 3178 1117 3237 in
1138 3197 1186 3238 me

281 3278 422 3341 collatam
449 3280 503 3341 tibi
530 3281 605 3342 cedo
638 3300 673 3341 ac
702 3278 784 3340 bona
810 3280 870 3339 fide
903 3278 1016 3353 reddo,
1052 3284 1082 3337 et
1117 3296 1187 3339 cum

281 3380 377 3441 minui
407 3362 454 3441 me
486 3381 572 3443 annis
609 3398 729 3461 gravem
763 3387 793 3440 et
823 3378 1006 3459 impendenti
1040 3377 1187 3439 ecclesiae

281 3481 451 3560 tempestati
471 3481 679 3556 accedentem,
694 3466 756 3569 ¹par
778 3479 836 3554 sit,
859 3498 998 3540 crescere
1019 3488 1049 3540 te
1071 3486 1101 3539 et
1124 3478 1187 3540 avi-

278 3580 320 3641 tis
351 3582 544 3661 paternisque
578 3581 711 3659 vestigiis
748 3588 778 3639 et
810 3579 932 3640 sedibus
963 3580 1117 3641 inhaerere
1149 3598 1186 3640 ex

961 3683 983 3738 2
