3025 4409
333 487 374 547 30
618 480 701 535 Liber
717 483 737 536 l.
771 480 956 537 rtet-tull.

334 658 374 698 ne
403 638 462 699 lroc
487 636 586 699 crucis
608 636 796 700 Christianae
823 638 931 701 durum
959 639 1133 701 exercitium
1160 636 1233 699 sub·

336 747 412 800 eant.
445 738 485 799 tt
505 738 574 798 illos
595 738 672 798 mala
693 758 769 799 crux
787 738 918 819 pessime
931 740 1046 817 perdat
1080 739 1146 800 Vos
1156 757 1232 799 vero

336 838 474 901 Christus
497 837 630 898 misellos
652 838 704 919 qui
726 839 804 900 iuter
823 859 881 900 vos
892 847 947 917 est,
968 839 1050 911 vivit,
1072 840 1158 918 regit,
1179 838 1231 899 ira·

300 983 305 993 .
333 939 420 1015 hitat,
447 937 574 1017 sospitet
600 945 630 999 et
655 945 765 1000 servet.
809 940 897 1000 Enim
923 959 998 1001 vero
1024 940 1098 999 haec
1124 938 1232 999 domus

335 1042 393 1102 uei
415 1046 469 1113 est,
491 1057 580 1119 quam
601 1036 652 1100 ille
674 1039 718 1100 sic
738 1038 849 1116 invisit,
869 1040 959 1120 digua
978 1042 1026 1103 cui
1039 1038 1231 1101 omuesboni

332 1146 491 1202 accurrant
512 1146 541 1199 et
562 1159 650 1218 opem
673 1140 840 1202 conferant
880 1142 954 1202 lude
974 1142 1012 1203 ad
1030 1161 1139 1222 aegros
1157 1160 1231 1201 cou-

333 1262 454 1303 versum
478 1240 561 1302 omni
581 1240 762 1301 humanitate
777 1242 891 1303 fovisse
911 1243 1044 1324 artisque
1059 1243 1166 1322 peritia
1181 1262 1230 1303 sa·

333 1364 390 1405 uos
419 1362 524 1403 omues
546 1340 727 1415 reddidisse,
754 1342 824 1403 dum
846 1363 920 1404 vero
940 1355 1074 1419 curaret,
1102 1344 1231 1421 opulcn-

332 1444 426 1507 tiores
446 1444 484 1503 ad
496 1442 649 1503 terendam
672 1441 780 1521 stipem
791 1444 909 1504 solicite
922 1453 952 1504 et
963 1463 1072 1523 magno
1084 1444 1230 1523 languen-

330 1546 405 1607 tium
426 1542 561 1606 subsidio
583 1542 772 1604 conciliasse.
814 1545 912 1621 Hujus
932 1544 1031 1619 ajebat
1046 1546 1230 1606 Hafeurelle-

332 1666 398 1721 rus,
426 1664 514 1706 avum
541 1662 631 1722 saepe
658 1643 737 1703 iuter
764 1645 878 1706 amicos
906 1666 975 1707 cum
995 1646 1090 1707 multo
1112 1648 1229 1707 honore

330 1746 467 1823 Fucini,
489 1744 676 1819 meminisse,
704 1765 739 1805 ae
761 1765 795 1807 se
818 1745 932 1820 mirari,
960 1766 1015 1807 eur
1035 1747 1130 1808 literis
1150 1766 1229 1808 nun-

330 1868 419 1929 quam
444 1846 596 1927 proditum
622 1844 670 1907 sit.
712 1846 883 1907 Secundam
904 1866 923 1906 a
941 1854 1025 1925 patre
1051 1867 1120 1907 meo
1141 1866 1229 1907 acce-

331 1957 429 2030 perat.
469 1948 567 2009 Avum
589 1966 657 2009 cum
678 1946 879 2007 valetudinem
905 1945 1031 2008 aeidulis
1052 1929 1228 2009 Ubenhusa·

329 2050 377 2111 nis
400 2054 503 2129 (quem
525 2048 577 2109 ille
598 2048 699 2109 locum
721 2049 874 2127 quondam
896 2050 986 2109 tosa.
1001 2047 1124 2109 Christo
1137 2047 1229 2109 lucri-

329 2151 414 2226 fecit)
437 2155 570 2223 curaret,
599 2154 756 2209 exoratum
778 2166 860 2222 esse,
882 2155 916 2207 ut
936 2149 975 2209 ad
995 2148 1142 2228 populum
1162 2169 1228 2211 ser·

328 2268 448 2311 monem
470 2246 602 2309 baberet.
633 2247 777 2309 Adluisse
796 2247 884 2307 etiam
904 2256 1018 2327 patrem
1040 2269 1139 2310 meum
1161 2251 1228 2327 (va-

327 2348 471 2412 letudinis
492 2350 596 2424 causa)
616 2357 680 2409 tum
700 2336 929 2427 Herreubergae
949 2357 1111 2427 pastorem.
1149 2351 1227 2413 Cum

328 2451 392 2512 dies
415 2448 565 2511 dominica
585 2449 731 2524 vertisset,
758 2447 832 2508 nihil
851 2449 1097 2527 praemeditatum
1117 2444 1227 2531 sugge-

329 2561 407 2615 stum
428 2548 601 2612 ascendisse
623 2556 653 2610 et
669 2548 751 2629 gravi
772 2548 961 2629 elegantique
978 2550 1116 2611 oratione
1128 2571 1162 2613 se
1173 2571 1226 2611 ex-

329 2652 496 2734 pedivisse‚
524 2657 595 2729 post
615 2659 730 2729 patrem
751 2669 850 2711 meum
870 2651 1090 2730 interrogasse,
1118 2652 1227 2733 ecquid

328 2756 366 2815 de
387 2752 442 2813 hac
463 2750 611 2812 concione
632 2749 689 2812 sibi
710 2750 871 2813 videretur.
903 2750 1042 2833 Cumque
1057 2758 1143 2831 pater
1163 2753 1228 2814 siva

328 2852 512 2915 verecundia
534 2850 599 2912 sive
614 2850 800 2912 conscientia
810 2851 972 2928 laudasset,
992 2851 1076 2912 illum
1090 2852 1226 2933 indigua·

327 2955 477 3016 bundum:
505 2972 568 3014 non
589 2958 619 3013 te
640 2951 733 3031 pudet
753 2953 875 3032 ungari,
897 2953 1024 3032 dixisse,
1050 2954 1137 3033 quasi
1157 2954 1227 3033 augi

328 3074 376 3116 ma
404 3060 433 3114 et
458 3054 597 3129 haerere,
629 3072 665 3113 ae
692 3072 790 3132 prope
810 3054 932 3115 modum
954 3054 994 3114 de
1014 3063 1158 3134 suggestu
1178 3056 1225 3115 lu-

326 3174 393 3236 gam
414 3172 521 3234 parare
542 3172 604 3214 non
626 3152 881 3216 animadverteris
923 3156 989 3235 Ego
1012 3163 1058 3216 tot
1077 3175 1226 3216 annorum

325 3257 453 3329 Doctor,
476 3259 679 3315 conventuum
700 3261 730 3314 et
744 3254 966 3335 colloquiorum
983 3276 1063 3336 pars,
1084 3263 1166 3318 atet
1179 3245 1235 3317 ui·¹

325 3356 369 3418 ris
388 3354 580 3434 Principibus
607 3354 725 3415 auditus
753 3362 783 3415 et
808 3355 840 3415 in
867 3355 1016 3418 concione
1037 3358 1223 3419 eruditorum

325 3456 461 3539 variique
482 3455 598 3517 ordinis
619 3455 776 3517 innumera
794 3462 943 3531 versatus,
965 3476 1117 3539 nunquam
1135 3456 1225 3517 animi

326 3558 460 3640 deliquio
482 3564 512 3619 et
532 3557 650 3637 stupori
670 3557 775 3637 plane,
799 3578 889 3639 quam
909 3557 988 3619 inter
1008 3560 1065 3620 lios
1085 3557 1225 3620 rustical-

1376 3827 1383 4058 l
