3025 4409
353 478 414 542 170
617 468 700 524 Liber
715 467 760 524 w.
794 467 979 527 tuto-16³9.

351 628 492 692 Saubcrti
512 633 542 690 et
561 626 662 690 Baieri
681 644 818 688 meorum
838 625 963 700 tradidi,
989 627 1042 710 qui
1069 647 1165 707 porro
1192 629 1250 691 Jo-

351 730 443 792 lmnui
463 729 592 806 Gravia,
613 727 795 808 Aegidiauae
816 726 937 789 scholae
963 747 1040 810 quae
1061 729 1250 810 Noribergae

351 839 413 910 est,
441 831 554 893 rectori
574 829 782 907 crediderunt,
805 831 892 908 cujus
914 835 1054 892 eventum
1077 838 1107 893 ct
1128 849 1250 892 succes-

351 953 429 996 sum·
445 934 529 995 Deus
554 931 593 992 ad
618 930 953 1010 pietatis-potissimum
979 931 1107 1008 cultum,
1143 931 1251 994 deinde

348 1053 469 1098 morum
490 1033 685 1114 disciplinam,
706 1038 893 1112 postremum
913 1031 1025 1112 ingenii
1047 1037 1076 1093 et
1095 1029 1251 1095 literarum

350 1141 451 1199 cotem
471 1135 586 1216 dirigat.
619 1133 781 1215 Sequentia
802 1133 875 1196 Julii
895 1136 924 1195 l.
947 1132 995 1194 die
1016 1131 1251 1212 Argentoratum

349 1257 399 1300 me
418 1235 548 1312 contuli,
575 1233 742 1316 principem
768 1253 867 1298 meum
894 1233 1014 1298 exulem
1039 1233 1200 1296 salutatum
1221 1241 1251 1297 et

350 1338 389 1400 de
409 1337 524 1398 redims
545 1337 584 1396 ad
604 1355 677 1398 suos
700 1355 755 1416 spe
776 1336 905 1398 certiore
922 1340 1141 1417 percontatum,
1162 1337 1250 1416 cujus

349 1436 471 1500 consilii
490 1456 582 1499 causa
598 1437 815 1518 aliquantulum
829 1437 900 1500 mihi
917 1437 1085 1500 diducenda
1098 1445 1153 1498 est.
1183 1437 1251 1499 dam

348 1539 387 1600 ab
407 1558 488 1600 anno
510 1539 592 1601 1628
614 1537 796 1617 Senbertus,
817 1538 923 1602 Jacob.
937 1539 1108 1620 Wollgang.
1123 1539 1250 1600 Poeme-

349 1659 419 1719 rns,
444 1640 571 1705 Beierus
600 1646 631 1701 et
650 1640 801 1702 lautorum
822 1641 873 1702 alii
892 1642 952 1703 hoc
972 1640 1187 1718 moliebantur,
1214 1648 1249 1703 ut

349 1760 423 1804 suae
443 1741 589 1804 ecclesiae
616 1742 827 1823 cooperarium
852 1763 900 1806 me
922 1743 1126 1806 conciliarent.
1167 1741 1249 1803 'len-

347 1849 501 1926 tatumque
521 1845 580 1905 hoc
600 1851 671 1924 post
688 1844 813 1925 Piggelii
826 1843 1126 1907 Divo-Laurentiani
1144 1849 1249 1922 pasto-

349 1945 392 2007 ris
412 1945 528 2009 obitum
548 1946 628 2008 haud
646 1947 759 2009 irnstre
779 1947 890 2027 opinor
911 1946 1029 2024 luisset,
1056 1945 1116 2008 nisi
1135 1964 1183 2006 me
1202 1945 1250 2006 la-

347 2047 457 2110 borum
484 2047 581 2110 moles
608 2047 740 2109 humeris
772 2047 847 2108 meis
876 2047 999 2128 gravior
1031 2054 1062 2109 et
1091 2046 1249 2109 ministerii

329 2148 390 2218 ,ibi
415 2149 506 2211 nimia
530 2149 660 2212 servitus
681 2147 853 2225 terruisset,
878 2150 993 2228 patriae
1014 2149 1102 2212 etiam
1122 2147 1249 2212 felicitas

348 2256 380 2313 et
398 2249 532 2328 libertas,
554 2270 632 2332 quae
653 2256 838 2324 tumerent,
860 2251 1035 2314 tenuissent.
1077 2249 1168 2312 Nunc
1188 2250 1248 2314 illis

347 2353 497 2432 mitigatis,
521 2351 567 2412 his
583 2351 704 2413 immani
723 2351 810 2413 ruina
827 2351 985 2435 collapsiS,
1005 2371 1073 2415 cum
1094 2353 1182 2415 etiam
1197 2353 1248 2416 Jo.

231 2484 234 2489 ·
347 2453 505 2515 Fabricius
532 2451 713 2513 Sebaldinae
739 2453 886 2516 ecclesiae
913 2455 1036 2518 antistes
1057 2455 1141 2535 gravi
1161 2455 1248 2518 senio

349 2548 584 2636 extingueretur,
606 2561 760 2634 resumpta
781 2555 907 2620 consilia
927 2560 1041 2637 majore
1062 2556 1153 2618 animi
1173 2575 1248 2620 con-

346 2659 482 2721 tentione
509 2655 590 2720 ultro
617 2655 756 2739 citroque
784 2661 892 2740 agitata
919 2665 1004 2737 sunt,
1038 2658 1155 2720 nullum
1184 2675 1248 2722 non

346 2760 476 2841 lapidem
488 2758 638 2821 saraberto
651 2767 801 2839 movente,
822 2768 857 2823 ut
877 2779 1001 2841 operam
1017 2779 1117 2823 ,meam
1138 2768 1248 2842 sponte

347 2863 496 2925 deferrem
517 2867 547 2922 et
571 2880 743 2942 propensos
769 2863 903 2946 undique
925 2863 1059 2926 lautores
1081 2863 1246 2943 experirer.

347 2963 441 3042 Quod
461 2982 530 3025 cnm
549 2961 608 3024 nisi
629 2962 787 3043 desperata
808 2965 921 3044 patriae
944 2965 1040 3027 salute
1061 2984 1096 3026 ac
1118 2967 1247 3030 statione

256 3051 260 3056 ἱ
347 3085 414 3128 mea
435 3066 565 3144 ejectus,
595 3071 658 3126 tum
679 3065 768 3127 etiam
788 3067 961 3148 neutiquam
981 3066 1078 3130 inscio
1100 3076 1131 3131 et
1151 3069 1246 3134 invito

346 3168 484 3250 principe
495 3188 574 3244 meo,
597 3167 654 3229 etsi
667 3167 753 3230 nullo
769 3167 913 3248 peculiari
928 3169 1051 3232 vinculo
1070 3168 1245 3250 obstrictus,

345 3271 418 3335 mihi
434 3270 603 3333 laciendum
620 3275 766 3351 putarem,
784 3269 867 3334 bono
878 3271 910 3332 ni
924 3270 1014 3333 fallor
1024 3273 1159 3352 auspiciu
1172 3292 1246 3338 con·

346 3393 470 3439 sensum
481 3392 581 3435 meum
597 3371 749 3452 suspendi,
768 3371 847 3434 hunc
858 3392 932 3438 vero
944 3374 993 3434 13.
1005 3373 1080 3436 lulli
1096 3374 1245 3438 submisse

348 3475 492 3553 conveni,
522 3493 539 3534 a
567 3493 628 3554 quo
656 3473 818 3535 clementer
844 3473 1016 3556 admodum¹
1031 3475 1243 3558 susceptus*).

416 3638 443 3711 ⁴)
460 3637 527 3691 eod.
547 3642 576 3696 Α.
596 3642 622 3695 et
638 3637 683 3697 Ba
706 3639 846 3712 exceptus.
