3025 4409
538 515 668 587 origines
684 516 778 572 licenti
796 523 914 572 enarrat.
1112 525 1176 590 m

274 683 306 734 et
325 673 522 734 eucharistion
533 691 592 752 pro
607 674 765 736 conlectae
781 673 942 754 pacis2·⁴)
958 675 1107 739 beneficio
1122 683 1171 740 tt.

273 777 352 854 Aug.
363 772 485 853 publice
503 775 611 846 solnta,
627 795 695 836 enan
713 779 743 837 5.
755 783 834 851 ante,
851 783 922 855 post
939 775 1027 837 etiem
1046 779 1172 841 teoni.

273 883 355 935 terra
388 876 547 950 movisset,
582 877 728 937 Lindovici
761 879 810 938 llu
840 879 909 956 lllay
941 876 1052 938 nobilis
1082 879 1171 954 Galli,

273 976 401 1036 eximiae
419 976 548 1049 virttuis,
570 977 773 1055 experientiae
794 987 825 1039 et
845 977 1020 1040 eruditionis
1042 976 1112 1054 viri,
1132 980 1171 1041 atl

272 1088 408 1137 nostram
438 1077 615 1157 religionem
648 1078 769 1156 plenior
800 1081 935 1140 accessio
969 1080 1018 1140 12.
1038 1077 1111 1156 Maji
1141 1087 1172 1142 et

272 1175 344 1237 hinc
356 1186 509 1238 contracta
521 1177 633 1238 arctior
641 1179 831 1254 conjunctio,
859 1179 1019 1241 Christiani
1031 1177 1171 1258 Cassii*)

272 1277 383 1339 nobilis
405 1299 442 1338 ex
456 1277 593 1339 llolsatia
610 1278 767 1358 multiplici
787 1301 887 1342 rerum
907 1281 1013 1362 peritia
1033 1281 1107 1344 clari
1126 1282 1171 1344 le-

272 1377 334 1456 gati
355 1378 460 1439 notitia
482 1380 530 1441 17.
548 1378 653 1457 April,
675 1381 791 1441 strenui
811 1381 893 1443 illius
907 1381 1019 1444 tribuni
1035 1381 1170 1445 Conradi

271 1478 539 1553 Widerlioldi²⁸⁸)
560 1499 616 1558 per
635 1481 776 1540 fortunae
795 1481 876 1542 vices
897 1484 1033 1545 traducta
1053 1483 1169 1544 ‹liutric-

271 1581 342 1642 nior
361 1581 489 1641 amieitia
507 1589 613 1642 mutuo
629 1579 770 1658 amplexu
787 1591 930 1643 renovata
951 1583 1089 1659 illan„
1105 1591 1169 1646 mni

271 1680 380 1741 natalis
400 1682 529 1742 ‹lnorum
550 1687 694 1760 nepotum
714 1680 841 1742 loannis
862 1682 1028 1744 Eberhardi
1049 1703 1087 1744 ex
1107 1685 1170 1748 lilia

270 1783 389 1861 Agnete
406 1780 517 1843 Elisab.
537 1783 600 1856 23,
622 1793 652 1842 et
671 1780 780 1842 Jacobi
796 1781 911 1842 [irasmi
932 1801 971 1843 ex
994 1781 1058 1844 lilio
1078 1785 1170 1846 Gott-

270 1882 332 1942 lieb
353 1883 383 1944 3¹.
398 1883 496 1961 δορις
517 1882 613 1944 tristia
632 1901 707 1945 vero
727 1879 886 1943 invicem:
907 1881 1055 1944 llenricae
1069 1885 1168 1947 wnrt.

271 1983 418 2044 Lndovici
444 1983 480 2058 ἰ,
508 1981 624 2044 Alberti
650 1983 829 2044 marchionis
854 1981 1002 2044 Onoldini
1032 1985 1169 2065 conjugis
1284 2050 1289 2067 ,

271 2082 430 2143 lnctnosns
458 2081 560 2144 obitus
584 2085 635 2145 24.
656 2083 749 2164 Aug„
776 2103 864 2165 quarn
888 2083 916 2145 7.
934 2082 1017 2144 lunii
1042 2091 1111 2146 ante
1138 2085 1168 2146 in

271 2182 398 2245 aeidnlis
409 2182 664 2245 Thainacensibus
676 2186 883 2259 salutaverant,
904 2184 1169 2264 AnnaequeWiir-

271 2284 362 2346 temb.
381 2283 462 2345 Frid.
484 2284 503 2346 l.
524 2303 580 2363 per
600 2283 664 2366 ὅδὲ
683 2304 780 2346 annos
799 2285 960 2364 innuptae,
990 2283 1096 2344 lllmae
1114 2303 1169 2345 ax-

272 2383 413 2464 spirantis
435 2387 486 2447 25.
501 2385 623 2461 Octob,
644 2392 675 2447 et
695 2383 883 2447 5.Noven1b.
906 2383 1095 2464 Stntgardiae
1115 2385 1168 2446 de

271 2486 399 2565 positae,
419 2493 454 2547 ut
474 2495 618 2567 quaterna
638 2486 745 2548 lunera
765 2485 1041 2566 Wiirtembergicae
1061 2484 1169 2548 domus

270 2605 352 2648 unua
378 2605 475 2648 annus
497 2585 665 2666 exceperit,
690 2593 754 2647 tuni
776 2584 893 2646 Alberti
913 2585 1039 2646 Weileri
1058 2586 1170 2648 nobilis

271 2705 312 2746 ex
331 2686 436 2748 aulicis
457 2687 561 2749 amicis
574 2685 790 2749 constantioris
869 2685 1022 2762 Decemb,
1042 2669 1169 2750 loannis

273 2787 449 2849 Gloecltleri
473 2788 752 2868 paedagogarclaae,
783 2785 902 2846 maximi
927 2786 958 2847 in
979 2805 1043 2848 rena
1068 2787 1170 2850 litera·

271 2889 346 2950 riam
366 2889 464 2950 meriti
484 2890 534 2951 30.
552 2889 640 2970 ring,
661 2888 777 2969 privata
802 2887 1024 2950 necessitudine
1048 2895 1079 2951 et
1106 2890 1171 2951 ani·

272 3007 389 3050 morum
420 2989 629 3065 contentione,
664 3009 701 3050 ae
729 2989 874 3068 Stephani
905 2989 998 3051 Geeri
1032 2991 1081 3052 to.
1102 2989 1170 3052 lan.

271 3089 484 3169 Neopnrgeus.
500 3089 641 3170 pastoris,
659 3089 819 3170 compatris
837 3099 868 3151 ct
883 3091 1087 3154 ecclesiastico
1104 3113 1170 3154 mn-

271 3209 347 3251 nere
378 3192 635 3270 conjunctiornm,
675 3193 730 3254 sed
768 3199 799 3252 et
831 3192 931 3272 neptis
964 3193 1172 3273 Margaretlrae

273 3289 429 3353 Riieliniae
450 3293 586 3356 amabilis
607 3293 727 3374 puellae
745 3292 889 3354 sexennis
912 3295 961 3354 1⁶.
971 3293 1062 3370 lunii,
1085 3293 1171 3354 etiam

275 3400 421 3470 cognatae
435 3411 473 3454 ex
487 3393 670 3477 Enzingerio
691 3395 837 3477 sanguine
851 3395 984 3458 Rosiuae
997 3395 1171 3457 Birentnan-

340 3601 371 3671 *l
388 3603 456 3659 cod.
475 3605 507 3661 B.
525 3613 554 3662 el
571 3625 609 3663 a:
632 3607 741 3669 lllmll.

908 3693 974 3760 tn*
