3025 4409
524 464 695 541 ‘l'bcologiae
712 463 850 524 muenia
883 464 992 525 Itinera.
1170 472 1212 533 15

310 624 482 704 Wellingio,
503 642 578 686 usus
595 624 737 687 convictu
752 622 859 686 Adami
872 622 980 698 Volcii‚
997 621 1148 683 literariae
1157 622 1209 700 ju-

308 728 442 787 ventutis
468 724 567 787 bonae
599 726 761 787 memoriae
787 724 930 805 magistri.
982 724 1039 783 llic
1065 730 1209 802 expertus

310 844 378 887 sum
403 826 511 888 Joban.
532 826 685 907 Pappi⁴⁴)
713 825 841 887 celebris
870 825 1003 905 theologi
1022 823 1207 884 benevolen-

308 927 394 1003 tiam,
415 933 557 1006 paternae
578 927 734 1008 avitaeque
750 925 897 987 amicitiae
915 946 978 986 non
995 926 1206 985 immemorem.

308 1026 383 1087 Inde
409 1027 531 1088 domum
557 1028 692 1102 rediens,
719 1047 755 1087 ac
780 1028 894 1087 Badam
919 1027 1012 1107 (quae
1033 1026 1089 1087 sub
1111 1025 1141 1084 id
1161 1024 1207 1103 ip·

311 1146 378 1189 sum
397 1133 515 1207 tempus
536 1128 646 1190 lllustr.
664 1127 794 1206 principi
815 1127 950 1206 Georgio
975 1126 1130 1187 Friderico
1149 1144 1207 1184 no-

309 1232 450 1309 straeque
476 1229 661 1291 confessioni
686 1227 875 1306 accesserat)
902 1228 1066 1303 transiens,
1096 1245 1208 1287 nomen

309 1328 388 1389 inter
409 1348 479 1407 eoS,
501 1329 553 1410 qui
573 1328 752 1410 plantandae
767 1328 906 1407 religioni
924 1348 1047 1407 operam
1062 1329 1207 1403 locarent,

310 1429 435 1492 Dnrlaci
455 1429 525 1491 dedi
548 1450 606 1491 nec
625 1430 728 1491 locum
748 1429 875 1492 obtinui.
921 1431 1076 1491 Reversus
1097 1429 1207 1489 Liuda·

311 1548 383 1591 num
403 1529 526 1610 Belgam
545 1549 646 1591 meum
671 1530 732 1591 vita
754 1532 890 1592 functum
915 1550 1017 1592 amare
1041 1529 1123 1605 luxi,
1150 1549 1208 1589 nec

309 1632 409 1695 minus
429 1632 513 1713 qnod
534 1652 603 1693 cum
622 1632 690 1711 ipso
708 1632 940 1693 Francolnrtum
959 1632 1017 1692 iter
1037 1629 1207 1690 destinave-

310 1752 388 1807 ram,
416 1738 595 1812 persecutus
621 1751 696 1793 snm.
746 1731 964 1812 Heidelbergae
990 1730 1208 1811 aliquantisper

310 1834 439 1896 substiti.
477 1832 679 1895 Francolurto
702 1832 804 1910 (cujus
824 1832 966 1893 nundinis
986 1829 1207 1892 autumnalibus

310 1934 485 2011 intereram)
505 1942 534 1995 ct
545 1932 694 1995 llassiacis
712 1932 775 1993 oris
786 1939 956 2007 revocatam,
973 1950 1041 1993 cnm
1053 1930 1206 2010 Mogunti-

309 2056 381 2114 nos,
402 2034 576 2113 Vangiones
595 2042 624 2093 et
636 2032 834 2095 Nemetenses
851 2053 908 2113 per
920 2031 1127 2107 occasionem,
1142 2047 1206 2091 non

309 2158 415 2217 parum
435 2134 548 2198 salubri
567 2133 637 2193 mibi
657 2140 703 2195 tot
722 2154 871 2196 annorum
890 2132 1109 2195 valetudinario
1126 2132 1205 2195 airis

308 2238 489 2313 mutatione,
516 2242 546 2297 et
571 2234 710 2313 corporis
735 2234 934 2315 languidioris
958 2241 1059 2312 motu,
1086 2233 1205 2296 invisis-

309 2360 387 2417 sem,
416 2358 512 2402 novae
537 2334 739 2415 paedagogice
766 2329 927 2415 implicitus
947 2357 1023 2399 sum.
1065 2336 1204 2397 Andreas

309 2443 482 2503 llerwartus
502 2436 718 2514 Esslingensis,
741 2458 832 2518 quam
854 2457 977 2517 operam
994 2439 1136 2519 generosi
1152 2438 1205 2498 ba·

245 2594 250 2609 ,
309 2540 393 2603 runis
411 2538 534 2617 Georgii
556 2537 694 2599 Andreae
721 2535 886 2614 Catianeri‚
909 2540 1040 2616 (axillis
1061 2540 1113 2620 qni
1132 2538 1205 2599 olim

310 2642 451 2705 Oroatiae
473 2638 647 2717 Dynastiam
668 2637 810 2699 tenebant
836 2640 971 2716 oriundi,
998 2638 1127 2718 Vigauni
1147 2639 1203 2699 do-

308 2742 396 2817 mini)
415 2740 485 2801 diliis
507 2739 677 2814 addixerat,
698 2739 730 2799 in
747 2740 967 2800 succedaneum
983 2740 1136 2818 deponere
1155 2757 1203 2799 sa-

308 2842 442 2921 tagebat,
469 2860 559 2921 quem
584 2860 633 2901 me
654 2840 848 2901 Sebastianus
873 2841 1020 2903 lleschius
1045 2838 1203 2900 consobri-

307 2962 365 3005 nns
386 2962 425 3003 ex
443 2942 592 3003 llerwarti
613 2940 810 3001 familiaritate
831 2940 992 3002 substituit.

251 3048 254 3057 '
349 3043 427 3105 Veni
440 3062 513 3122 ergo
524 3041 561 3103 Α.
574 3042 654 3102 1607
669 3040 725 3102 sub
735 3041 806 3101 anni
816 3041 907 3101 tinem
914 3042 1083 3120 Lavingam,
1104 3060 1202 3122 quon-

308 3144 373 3205 dam
386 3144 518 3205 nobilem
528 3142 711 3203 Palatinatus
725 3142 890 3221 superioris
907 3142 1050 3218 scholam,
1071 3143 1126 3204 sed
1140 3144 1203 3219 jam

307 3246 386 3307 haud
406 3264 512 3324 parum
533 3244 703 3305 inclinatam
724 3250 754 3303 ct
769 3242 925 3322 disciplina
939 3243 1053 3315 laxam,
1074 3244 1127 3304 ubi
1139 3245 1202 3321 jam

307 3346 587 3426 Georg.Balthasar
605 3342 736 3405 liliorum
755 3344 901 3405 maximus
923 3343 1105 3419 substiterat,
1124 3343 1203 3421 opti-

308 3466 373 3507 mae
391 3446 504 3508 indolis
527 3457 557 3507 ct
577 3464 709 3507 summae
730 3445 895 3507 modestiae
911 3446 1042 3522 juvenis.
1090 3445 1203 3505 Recto-

308 3564 373 3609 rem
390 3547 491 3629 reperi
505 3547 672 3627 Georgium
684 3545 864 3609 Glcminirm
876 3546 958 3624 juris
970 3547 1108 3627 peritum,
1131 3563 1204 3625 pro-
