3025 4409
468 518 627 573 Matheseos
646 524 673 571 et
689 518 752 586 ling.
771 524 858 573 exter.
877 518 1005 571 studium.
1146 526 1186 587 13

285 676 446 753 Liudanus,
468 676 571 756 Belga,
594 675 688 737 exiis
709 676 761 756 qui
782 675 891 737 Albani
905 675 1085 745 immanitate
1104 676 1186 756 pulsi

284 781 314 838 in
338 778 528 839 Germaniam
550 785 757 852 secesserunt,
786 779 833 837 vir
854 777 1042 839 orthodoxae
1062 769 1184 857 religio-

283 880 347 953 niS,
375 880 507 960 quinque
533 878 701 957 linguarum
728 879 836 957 peritia
862 884 892 939 et
917 878 1060 939 historica
1079 880 1185 958 cogni-

282 979 367 1040 tione
391 980 532 1059 iusiguiS,
566 980 653 1055 cujus
681 996 697 1037 e
723 978 918 1059 bibliopolio,
948 978 1091 1060 quicquid
1116 979 1184 1041 visu

282 1081 446 1161 audituque
468 1078 635 1154 insolitum,
664 1098 699 1139 ac
720 1098 789 1140 meo
810 1098 880 1140 aere
900 1081 1022 1141 minime
1043 1084 1185 1141 coemen-

283 1183 354 1242 dum
376 1188 439 1241 erat
460 1180 649 1243 commodato
671 1182 784 1260 accepi.
831 1183 875 1241 Ac
896 1188 959 1241 tum
981 1188 1101 1260 praeter
1123 1180 1184 1240 0r-

282 1283 386 1343 teliurn
414 1282 628 1355 Mercatorem,
657 1280 818 1341 Theatrum
844 1281 979 1355 urbium,
1007 1283 1094 1362 Opus
1122 1283 1183 1343 Ge-

283 1382 471 1461 nealogicum
485 1380 653 1459 Henningii,
675 1381 833 1461 Trophaea
846 1383 978 1462 Belgica,
998 1384 1114 1445 indicas
1130 1406 1184 1445 na-

282 1484 450 1563 vigationes
482 1490 512 1542 et
544 1482 714 1558 hujusmodi
748 1484 785 1543 ad
817 1502 957 1563 pompam
986 1484 1063 1544 sacta
1095 1486 1184 1546 volu·

282 1584 375 1659 mina,
402 1585 559 1657 Thuauus,
593 1582 780 1658 Meteranus‚
814 1584 946 1660 Merula,
979 1585 1125 1646 Metellus
1155 1595 1190 1646 et

282 1684 456 1746 consimiles
483 1686 549 1745 aevi
574 1704 609 1743 ac
636 1682 719 1744 orbis
746 1684 842 1744 nostri
868 1686 1071 1764 descriptores
1098 1686 1184 1747 iono-

283 1794 385 1859 tuere,
416 1785 525 1865 quibus
553 1785 604 1845 ille
631 1785 719 1846 vivus
745 1784 894 1863 interpres
916 1793 946 1845 et
966 1796 1184 1849 commentator

282 1888 386 1960 adluit,
408 1886 594 1964 irreparabili
615 1904 683 1946 meo
705 1885 815 1945 damno
837 1887 925 1946 citius
946 1886 1025 1961 milri,
1047 1889 1104 1948 etsi
1126 1889 1183 1949 sibi

282 1987 354 2049 satis
381 1994 495 2047 mature
524 1994 645 2066 ereptus
673 1972 819 2046 et'coelo
847 1985 991 2047 redditus.
1039 1987 1183 2065 Ejusdem

281 2089 439 2163 instinctu,
472 2106 538 2147 cum
561 2088 624 2163 jam
651 2085 859 2166 superioribus
883 2086 969 2147 annis
996 2088 1026 2147 iu
1053 2106 1185 2149 conver-

282 2189 382 2251 tendis
404 2188 538 2249 Sadoleti
560 2186 793 2263 Consolatione,
815 2187 944 2268 Philippi
964 2188 1084 2249 Nicolai
1106 2190 1184 2268 Spe-

282 2290 353 2352 culo
375 2296 514 2351 aeternae
535 2286 677 2363 laetitiae,
706 2288 832 2349 Excidio
852 2289 1126 2369 Hierosolymitano
1153 2297 1183 2351 et

281 2388 437 2451 nonnullis
459 2388 525 2449 aliis
545 2387 712 2467 periculum
734 2391 883 2466 iecissem,
906 2390 1071 2470 Speculum
1090 2392 1183 2469 tragi-

281 2510 365 2564 cum,
391 2488 574 2549 Admiranda
595 2489 702 2568 Lipsii,
733 2490 789 2553 Jus
820 2491 894 2552 belli
918 2491 1047 2571 Belgici,
1081 2493 1183 2570 Reges

280 2590 512 2670 Neapolitanos,
544 2590 701 2651 Electores
728 2589 892 2667 Saxouiae,
933 2590 1067 2653 Comites
1093 2590 1183 2651 Tiro·

279 2692 383 2753 lenses
402 2699 522 2770 praeter
541 2690 599 2751 alia
620 2690 773 2765 transtuli,
794 2692 821 2751 si
841 2692 927 2753 nullo
948 2693 1008 2753 alio
1030 2711 1088 2751 usu
1109 2709 1183 2752 saue

280 2792 415 2871 torporis
441 2792 595 2867 vitamine,
627 2798 656 2851 et
677 2789 715 2850 ad
742 2810 806 2851 earu
834 2812 894 2873 qua
918 2801 1000 2854 totus
1020 2791 1183 2870 flagrabam

280 2894 364 2953 foras
386 2892 565 2954 excurrendi
586 2891 769 2970 cupidinem,
799 2893 961 2953 maturiore
981 2893 1183 2954 instructione

280 3001 311 3054 et
338 2992 575 3072 praeparatione.
629 2994 698 3069 Quo
732 2994 820 3054 etiam
852 2994 981 3055 consilio
1010 2994 1185 3073 linguarum

280 3093 466 3155 exoticarum
481 3093 612 3155 studium
622 3094 773 3171 praemisi,
788 3094 868 3154 lraud
884 3093 1003 3172 exiguo,
1014 3094 1097 3174 quod
1111 3101 1185 3173 post

279 3201 423 3273 expertus
446 3214 528 3267 sum,
551 3192 752 3271 impensarum
774 3202 803 3255 et
823 3195 968 3274 temporis
990 3194 1181 3274 compendio.

322 3298 402 3357 Dum
428 3294 468 3355 ita
495 3294 535 3353 in
552 3294 688 3372 flagranti
713 3296 809 3373 gratia
834 3297 915 3375 apud
934 3302 1062 3357 cunctos
1082 3314 1180 3374 prope

279 3396 449 3457 academiae
470 3414 613 3473 proceres
636 3412 749 3470 essem,
773 3396 942 3471 Osiandro,
963 3396 1182 3468 llnlenrellero,

279 3499 430 3577 Magcaro,
453 3495 592 3574 Zieglero
613 3494 716 3573 primis
737 3497 906 3558 motoribus
927 3498 957 3557 in
977 3516 1026 3557 me
1046 3514 1180 3575 propen-

278 3596 436 3673 dentibus,
470 3595 585 3657 liberali
617 3598 741 3679 insuper
768 3598 918 3678 stipendio
946 3598 1082 3675 adjutus,
1117 3601 1182 3656 atra
