3025 4409
337 496 379 559 ng
616 474 700 545 uta
716 490 735 542 ι.
770 487 958 545 laec-acra

338 648 449 727 hospes
476 652 507 708 et
532 655 618 727 pater
643 654 749 710 noster
769 656 927 724 exoratus,
957 648 1121 728 Georgium
1142 647 1230 711 Chri-

339 748 517 827 stophorum
539 747 831 829 Schellenbergium,
857 748 986 831 equitem
1000 748 1154 810 Austrium
1174 768 1231 811 no·

337 848 474 911 bilissimi
498 848 609 927 ingenii
632 850 792 928 juvenem,
818 850 967 928 adjunxit,
996 850 1116 911 demum
1142 849 1231 911 etiam

336 948 472 1011 Marcum
491 949 667 1012 Paradeiser
685 951 831 1013 baronem
850 948 1035 1011 Corinthium
1056 971 1124 1011 cum
1144 970 1233 1031 prae-

336 1058 461 1129 ceptore
480 1048 546 1110 Elia
567 1050 706 1114 Zetschio
728 1051 851 1127 Misni0,
873 1054 927 1114 sed
948 1070 1011 1113 non
1032 1050 1091 1113 nisi
1110 1050 1154 1111 uti
1176 1070 1230 1130 pa-

335 1150 416 1213 troni
431 1150 522 1227 jussu
536 1158 727 1229 convenerat,
749 1150 1004 1214 consentientibus
1018 1157 1047 1211 et
1061 1152 1134 1212 eitra
1147 1152 1230 1213 trau-

335 1250 404 1311 dem
428 1256 563 1311 ncstram
591 1252 711 1315 addidit.
753 1252 820 1315 Nee
845 1251 984 1333 profecto
1010 1250 1175 1312 modestiae
1200 1262 1231 1313 et

334 1352 546 1436 temperantiae
571 1352 730 1437 quicquam
756 1354 935 1428 detractum,
963 1351 1127 1413 liberaliori
1153 1371 1231 1413 con-

334 1452 496 1515 versationi
524 1458 554 1514 et
578 1452 723 1516 honestae
750 1453 888 1515 hilaritati
913 1452 1001 1514 etiam
1021 1454 1101 1515 haud
1120 1472 1228 1533 parum

224 1594 225 1597 ,
333 1552 466 1615 additum
492 1561 546 1615 est.
588 1554 708 1632 Hospes
734 1552 854 1614 minime
880 1572 1022 1615 morosus
1047 1562 1146 1615 tamen
1173 1572 1228 1633 pa-

333 1653 402 1731 trls,
435 1652 486 1715 vel
512 1654 537 1716 si
568 1654 662 1716 mavis
690 1654 863 1735 philosophi
888 1653 959 1716 loco
986 1653 1076 1716 nobis
1102 1674 1229 1715 venera-

331 1753 408 1815 tioni
429 1755 492 1818 luit.
534 1755 626 1817 Nulla
644 1774 748 1819 mensa
768 1756 917 1827 dictorum
937 1757 1145 1836 factorumque
1165 1774 1230 1815 me-

331 1855 520 1917 morabilium
542 1856 733 1919 condimento
751 1856 856 1934 carnit,
877 1876 954 1937 quae
967 1856 1123 1936 symbolae
1139 1856 1229 1918 nobis

332 1960 468 2021 studiose
489 1959 713 2040 conquirendae
733 1960 828 2020 fuere.
866 1958 929 2017 Hae
950 1956 1127 2019 collationes
1147 1959 1228 2018 Tur-

295 2076 296 2080 ’
330 2058 442 2120 bouem
468 2080 537 2120 cum
563 2060 628 2121 aliis
650 2076 797 2137 genuere,
823 2067 931 2135 postea
951 2065 1048 2120 natos.
1095 2057 1136 2118 At
1156 2057 1229 2118 dum

331 2160 432 2220 omnia
457 2180 522 2220 mea
548 2160 634 2239 quasi
661 2160 809 2237 inportu
835 2166 920 2233 sunt,
947 2156 1046 2219 subita
1064 2165 1228 2237 tempestas

330 2272 378 2319 me
400 2258 501 2319 obruit
520 2264 611 2339 atque
632 2256 852 2339 propemodum
872 2257 1022 2321 demersit.
1068 2258 1146 2319 Nam
1172 2278 1228 2338 pa-

330 2356 412 2419 troni
441 2377 521 2418 uxor
551 2359 638 2419 Anna
665 2358 825 2420 Oatlrarina
850 2357 1057 2417 Rctensteinia
1088 2365 1227 2421 matrona

330 2464 414 2519 tanto
435 2456 541 2518 marito
564 2458 667 2539 digna,
692 2457 781 2519 brevi
806 2456 860 2518 sed
888 2464 977 2518 acuto
998 2457 1107 2521 morbo
1128 2458 1225 2520 extin-

332 2558 433 2638 guitur
459 2560 549 2619 1611.
577 2560 607 2620 3.
624 2558 733 2620 Octob.
784 2558 853 2637 lpse
880 2556 1021 2636 contagio
1051 2578 1090 2619 an
1117 2559 1226 2623 dolore

332 2659 446 2739 ingenti
463 2658 625 2736 incertum,
651 2668 723 2739 post
742 2660 785 2721 23
806 2659 869 2720 dies
890 2658 1041 2738 sequitur,
1063 2662 1150 2739 quus
1172 2680 1226 2722 ex-

332 2760 428 2841 equiis
451 2758 590 2837 interlui,
616 2766 646 2821 at
670 2758 772 2822 verius
798 2758 890 2822 sortis
913 2778 997 2819 meae
1022 2759 1113 2836 lupus
1141 2760 1224 2824 duxi.

330 2860 484 2922 Mortuum
498 2860 579 2922 veris
597 2858 736 2943 lacrymis
755 2867 786 2922 et
799 2861 932 2940 ingenuo
953 2860 1152 2938 encomic“)
1174 2860 1226 2924 de·

329 2960 456 3041 ploravi.
504 2959 664 3023 Caeterum
691 2960 803 3023 alumni
823 2968 979 3023 curatores
999 2972 1147 3040 negarunt
1167 2962 1226 3025 sibi

330 3063 422 3125 licere
448 3062 479 3123 in
505 3080 615 3143 equum
641 3083 754 3140 meum,
780 3062 811 3123 in
837 3061 1062 3124 hebdomadalia
1089 3068 1174 3123 extra
1195 3068 1226 3125 et

331 3183 407 3245 quae
428 3162 486 3224 alia
505 3164 625 3242 patroni
645 3164 848 3227 munificentia
868 3168 1076 3237 concesserat,
1104 3162 1222 3242 pupsslc
1293 3193 1296 3199 ·

330 3265 496 3340 insumere,
524 3264 607 3344 quod
634 3282 726 3344 supra
751 3264 863 3327 nobilis
888 3260 1090 3325 adolescentis
1110 3268 1224 3323 sortem

331 3372 420 3442 esset,
441 3362 542 3445 itaque
562 3366 603 3425 40
625 3364 724 3426 salarii
742 3364 867 3427 florenis
887 3366 982 3446 pactis
999 3385 1069 3427 cum
1082 3363 1224 3425 convictu

330 3466 561 3548 acquiescerem.
607 3463 678 3526 Non
698 3466 811 3546 placuit
833 3468 908 3528 haee
929 3465 1051 3529 insolita
1070 3466 1224 3541 tenacitas,

330 3574 360 3629 et
380 3564 566 3631 dissimulato
584 3566 691 3630 dolore
709 3567 836 3633 consilia
849 3586 966 3631 mecum
976 3566 1095 3647 aginat
1114 3566 1224 3649 quihus
