<?xml version="1.0" encoding="UTF-8"?>
<!DOCTYPE html PUBLIC "-//W3C//DTD XHTML 1.0 Transitional//EN"
    "http://www.w3.org/TR/xhtml1/DTD/xhtml1-transitional.dtd">
<html xmlns="http://www.w3.org/1999/xhtml" xml:lang="en" lang="en">
 <head>
  <title>
</title>
<meta http-equiv="Content-Type" content="text/html;charset=utf-8" />
  <meta name='ocr-system' content='tesseract 3.04.00' />
  <meta name='ocr-capabilities' content='ocr_page ocr_carea ocr_par ocr_line ocrx_word'/>
</head>
<body>
  <div class='ocr_page' id='page_1' title='image "./ioannisvalentin00andrgoog_0096.png"; bbox 0 0 3025 4409; ppageno 0'>
   <div class='ocr_carea' id='block_1_1' title="bbox 325 486 947 559">
    <p class='ocr_par' dir='ltr' id='par_1_1' title="bbox 325 486 947 559">
     <span class='ocr_line' id='line_1_1' title="bbox 325 486 947 559; baseline -0.006 -17"><span class='ocrx_word' id='word_1_1' title='bbox 325 498 366 559; x_wconf 66' lang='lat' dir='ltr'>ge</span> <span class='ocrx_word' id='word_1_2' title='bbox 598 488 681 542; x_wconf 74' lang='lat' dir='ltr'>siner</span> <span class='ocrx_word' id='word_1_3' title='bbox 696 488 728 542; x_wconf 89' lang='lat' dir='ltr'>n.</span> <span class='ocrx_word' id='word_1_4' title='bbox 761 486 947 541; x_wconf 72' lang='lat' dir='ltr'>aona-1aac.</span> 
     </span>
    </p>
   </div>
   <div class='ocr_carea' id='block_1_2' title="bbox 279 642 1233 3443">
    <p class='ocr_par' dir='ltr' id='par_1_2' title="bbox 326 642 1233 2336">
     <span class='ocr_line' id='line_1_2' title="bbox 326 642 1223 729; baseline -0.008 -19"><span class='ocrx_word' id='word_1_5' title='bbox 326 668 434 729; x_wconf 86' lang='lat' dir='ltr'>garum</span> <span class='ocrx_word' id='word_1_6' title='bbox 463 645 659 727; x_wconf 77' lang='lat' dir='ltr'>experientia,</span> <span class='ocrx_word' id='word_1_7' title='bbox 687 665 722 706; x_wconf 87' lang='lat' dir='ltr'>ea</span> <span class='ocrx_word' id='word_1_8' title='bbox 748 644 780 705; x_wconf 87' lang='lat' dir='ltr'>in</span> <span class='ocrx_word' id='word_1_9' title='bbox 806 643 911 705; x_wconf 80' lang='lat' dir='ltr'>auxilii</span> <span class='ocrx_word' id='word_1_10' title='bbox 936 643 1054 705; x_wconf 80' lang='lat' dir='ltr'>afflictis</span> <span class='ocrx_word' id='word_1_11' title='bbox 1083 642 1223 705; x_wconf 84' lang='lat' dir='ltr'>ecclesiis</span> 
     </span>
     <span class='ocr_line' id='line_1_3' title="bbox 327 744 1227 826; baseline -0.004 -17"><span class='ocrx_word' id='word_1_12' title='bbox 327 749 443 810; x_wconf 87' lang='lat' dir='ltr'>serendi</span> <span class='ocrx_word' id='word_1_13' title='bbox 471 747 682 811; x_wconf 88' lang='lat' dir='ltr'>communione</span> <span class='ocrx_word' id='word_1_14' title='bbox 711 746 869 807; x_wconf 82' lang='lat' dir='ltr'>conserant</span> <span class='ocrx_word' id='word_1_15' title='bbox 898 744 1089 826; x_wconf 88' lang='lat' dir='ltr'>principique</span> <span class='ocrx_word' id='word_1_16' title='bbox 1120 763 1178 806; x_wconf 90' lang='lat' dir='ltr'>suo</span> <span class='ocrx_word' id='word_1_17' title='bbox 1208 764 1227 805; x_wconf 87' lang='lat' dir='ltr'>e</span> 
     </span>
     <span class='ocr_line' id='line_1_4' title="bbox 330 844 1229 925; baseline -0.004 -16"><span class='ocrx_word' id='word_1_18' title='bbox 330 858 436 910; x_wconf 88' lang='lat' dir='ltr'>contra</span> <span class='ocrx_word' id='word_1_19' title='bbox 455 848 671 923; x_wconf 82' lang='lat' dir='ltr'>benefaciendi,</span> <span class='ocrx_word' id='word_1_20' title='bbox 692 845 749 907; x_wconf 86' lang='lat' dir='ltr'>sibi</span> <span class='ocrx_word' id='word_1_21' title='bbox 770 846 881 925; x_wconf 85' lang='lat' dir='ltr'>gratias</span> <span class='ocrx_word' id='word_1_22' title='bbox 898 844 938 904; x_wconf 87' lang='lat' dir='ltr'>ad</span> <span class='ocrx_word' id='word_1_23' title='bbox 951 845 1157 923; x_wconf 79' lang='lat' dir='ltr'>posteritatem</span> <span class='ocrx_word' id='word_1_24' title='bbox 1174 846 1229 906; x_wconf 88' lang='lat' dir='ltr'>ha-</span> 
     </span>
     <span class='ocr_line' id='line_1_5' title="bbox 331 944 1229 1025; baseline -0.001 -18"><span class='ocrx_word' id='word_1_25' title='bbox 331 948 421 1009; x_wconf 91' lang='lat' dir='ltr'>bendi</span> <span class='ocrx_word' id='word_1_26' title='bbox 443 948 634 1009; x_wconf 83' lang='lat' dir='ltr'>occasionem</span> <span class='ocrx_word' id='word_1_27' title='bbox 654 954 811 1025; x_wconf 72' lang='lat' dir='ltr'>porrigere</span> <span class='ocrx_word' id='word_1_28' title='bbox 831 965 894 1007; x_wconf 90' lang='lat' dir='ltr'>non</span> <span class='ocrx_word' id='word_1_29' title='bbox 917 944 1061 1006; x_wconf 81' lang='lat' dir='ltr'>dubitent.</span> <span class='ocrx_word' id='word_1_30' title='bbox 1096 946 1132 1007; x_wconf 92' lang='lat' dir='ltr'>ld</span> <span class='ocrx_word' id='word_1_31' title='bbox 1151 965 1229 1007; x_wconf 88' lang='lat' dir='ltr'>vero</span> 
     </span>
     <span class='ocr_line' id='line_1_6' title="bbox 332 1044 1229 1121; baseline -0.004 -11"><span class='ocrx_word' id='word_1_32' title='bbox 332 1069 421 1111; x_wconf 89' lang='lat' dir='ltr'>omne</span> <span class='ocrx_word' id='word_1_33' title='bbox 441 1070 509 1110; x_wconf 93' lang='lat' dir='ltr'>cum</span> <span class='ocrx_word' id='word_1_34' title='bbox 532 1050 582 1109; x_wconf 87' lang='lat' dir='ltr'>dn.</span> <span class='ocrx_word' id='word_1_35' title='bbox 597 1047 821 1109; x_wconf 84' lang='lat' dir='ltr'>Hobenleldero</span> <span class='ocrx_word' id='word_1_36' title='bbox 838 1044 973 1106; x_wconf 82' lang='lat' dir='ltr'>voluisse</span> <span class='ocrx_word' id='word_1_37' title='bbox 997 1046 1229 1121; x_wconf 87' lang='lat' dir='ltr'>communicare,</span> 
     </span>
     <span class='ocr_line' id='line_1_7' title="bbox 332 1146 1232 1227; baseline -0.004 -16"><span class='ocrx_word' id='word_1_38' title='bbox 332 1150 381 1211; x_wconf 91' lang='lat' dir='ltr'>cui</span> <span class='ocrx_word' id='word_1_39' title='bbox 402 1148 442 1210; x_wconf 92' lang='lat' dir='ltr'>ob</span> <span class='ocrx_word' id='word_1_40' title='bbox 464 1169 546 1209; x_wconf 87' lang='lat' dir='ltr'>raras</span> <span class='ocrx_word' id='word_1_41' title='bbox 567 1148 657 1208; x_wconf 84' lang='lat' dir='ltr'>animi</span> <span class='ocrx_word' id='word_1_42' title='bbox 680 1148 767 1207; x_wconf 89' lang='lat' dir='ltr'>dotes</span> <span class='ocrx_word' id='word_1_43' title='bbox 788 1146 830 1207; x_wconf 91' lang='lat' dir='ltr'>ill.</span> <span class='ocrx_word' id='word_1_44' title='bbox 850 1146 992 1226; x_wconf 90' lang='lat' dir='ltr'>princeps</span> <span class='ocrx_word' id='word_1_45' title='bbox 1020 1146 1132 1227; x_wconf 87' lang='lat' dir='ltr'>optime</span> <span class='ocrx_word' id='word_1_46' title='bbox 1158 1146 1232 1207; x_wconf 86' lang='lat' dir='ltr'>velit</span> 
     </span>
     <span class='ocr_line' id='line_1_8' title="bbox 332 1247 1232 1330; baseline -0.002 -20"><span class='ocrx_word' id='word_1_47' title='bbox 332 1262 422 1330; x_wconf 84' lang='lat' dir='ltr'>atque</span> <span class='ocrx_word' id='word_1_48' title='bbox 442 1268 526 1329; x_wconf 86' lang='lat' dir='ltr'>spem</span> <span class='ocrx_word' id='word_1_49' title='bbox 547 1249 661 1308; x_wconf 87' lang='lat' dir='ltr'>firmam</span> <span class='ocrx_word' id='word_1_50' title='bbox 682 1247 714 1308; x_wconf 90' lang='lat' dir='ltr'>in</span> <span class='ocrx_word' id='word_1_51' title='bbox 734 1247 800 1325; x_wconf 88' lang='lat' dir='ltr'>ejus</span> <span class='ocrx_word' id='word_1_52' title='bbox 820 1267 879 1326; x_wconf 94' lang='lat' dir='ltr'>pro</span> <span class='ocrx_word' id='word_1_53' title='bbox 901 1247 1013 1309; x_wconf 87' lang='lat' dir='ltr'>veriori</span> <span class='ocrx_word' id='word_1_54' title='bbox 1033 1248 1161 1309; x_wconf 84' lang='lat' dir='ltr'>ecclesia</span> <span class='ocrx_word' id='word_1_55' title='bbox 1180 1268 1232 1309; x_wconf 89' lang='lat' dir='ltr'>cn-</span> 
     </span>
     <span class='ocr_line' id='line_1_9' title="bbox 332 1348 1232 1430; baseline -0.001 -20"><span class='ocrx_word' id='word_1_56' title='bbox 332 1370 394 1411; x_wconf 86' lang='lat' dir='ltr'>ram</span> <span class='ocrx_word' id='word_1_57' title='bbox 415 1350 656 1430; x_wconf 82' lang='lat' dir='ltr'>vigilantiamque</span> <span class='ocrx_word' id='word_1_58' title='bbox 677 1355 804 1427; x_wconf 80' lang='lat' dir='ltr'>reponat</span> <span class='ocrx_word' id='word_1_59' title='bbox 827 1348 958 1429; x_wconf 87' lang='lat' dir='ltr'>indeque</span> <span class='ocrx_word' id='word_1_60' title='bbox 972 1349 1131 1429; x_wconf 87' lang='lat' dir='ltr'>prudentia</span> <span class='ocrx_word' id='word_1_61' title='bbox 1149 1368 1232 1409; x_wconf 91' lang='lat' dir='ltr'>com-</span> 
     </span>
     <span class='ocr_line' id='line_1_10' title="bbox 332 1448 1233 1533; baseline -0.003 -21"><span class='ocrx_word' id='word_1_62' title='bbox 332 1452 481 1533; x_wconf 88' lang='lat' dir='ltr'>modaque</span> <span class='ocrx_word' id='word_1_63' title='bbox 502 1449 546 1509; x_wconf 89' lang='lat' dir='ltr'>rei</span> <span class='ocrx_word' id='word_1_64' title='bbox 566 1449 736 1509; x_wconf 80' lang='lat' dir='ltr'>tractandae</span> <span class='ocrx_word' id='word_1_65' title='bbox 755 1448 882 1511; x_wconf 88' lang='lat' dir='ltr'>consilia</span> <span class='ocrx_word' id='word_1_66' title='bbox 899 1456 1063 1528; x_wconf 81' lang='lat' dir='ltr'>exspectet</span> <span class='ocrx_word' id='word_1_67' title='bbox 1095 1449 1144 1509; x_wconf 81' lang='lat' dir='ltr'>Ad</span> <span class='ocrx_word' id='word_1_68' title='bbox 1157 1450 1233 1510; x_wconf 89' lang='lat' dir='ltr'>baec</span> 
     </span>
     <span class='ocr_line' id='line_1_11' title="bbox 333 1548 1232 1629; baseline 0 -18"><span class='ocrx_word' id='word_1_69' title='bbox 333 1552 381 1612; x_wconf 92' lang='lat' dir='ltr'>dn.</span> <span class='ocrx_word' id='word_1_70' title='bbox 397 1550 636 1613; x_wconf 82' lang='lat' dir='ltr'>Hohenlelderus</span> <span class='ocrx_word' id='word_1_71' title='bbox 665 1548 815 1610; x_wconf 92' lang='lat' dir='ltr'>submisso</span> <span class='ocrx_word' id='word_1_72' title='bbox 835 1568 869 1609; x_wconf 89' lang='lat' dir='ltr'>se</span> <span class='ocrx_word' id='word_1_73' title='bbox 890 1556 921 1609; x_wconf 88' lang='lat' dir='ltr'>et</span> <span class='ocrx_word' id='word_1_74' title='bbox 939 1549 1109 1629; x_wconf 84' lang='lat' dir='ltr'>gratissimo</span> <span class='ocrx_word' id='word_1_75' title='bbox 1130 1548 1232 1611; x_wconf 88' lang='lat' dir='ltr'>animo</span> 
     </span>
     <span class='ocr_line' id='line_1_12' title="bbox 334 1648 1232 1730; baseline -0.002 -17"><span class='ocrx_word' id='word_1_76' title='bbox 334 1672 401 1712; x_wconf 92' lang='lat' dir='ltr'>cum</span> <span class='ocrx_word' id='word_1_77' title='bbox 431 1650 581 1713; x_wconf 80' lang='lat' dir='ltr'>illustriss.</span> <span class='ocrx_word' id='word_1_78' title='bbox 616 1648 762 1730; x_wconf 90' lang='lat' dir='ltr'>principis</span> <span class='ocrx_word' id='word_1_79' title='bbox 793 1648 948 1728; x_wconf 87' lang='lat' dir='ltr'>pietatem,</span> <span class='ocrx_word' id='word_1_80' title='bbox 982 1669 1050 1711; x_wconf 90' lang='lat' dir='ltr'>cum</span> <span class='ocrx_word' id='word_1_81' title='bbox 1085 1649 1232 1711; x_wconf 90' lang='lat' dir='ltr'>ecclesiae</span> 
     </span>
     <span class='ocr_line' id='line_1_13' title="bbox 333 1749 1232 1829; baseline 0.003 -19"><span class='ocrx_word' id='word_1_82' title='bbox 333 1752 498 1813; x_wconf 81' lang='lat' dir='ltr'>Wiirtemb.</span> <span class='ocrx_word' id='word_1_83' title='bbox 519 1752 738 1813; x_wconf 85' lang='lat' dir='ltr'>solicitudinem</span> <span class='ocrx_word' id='word_1_84' title='bbox 765 1749 906 1829; x_wconf 88' lang='lat' dir='ltr'>excipere</span> <span class='ocrx_word' id='word_1_85' title='bbox 931 1757 1058 1811; x_wconf 85' lang='lat' dir='ltr'>testatur</span> <span class='ocrx_word' id='word_1_86' title='bbox 1088 1751 1232 1813; x_wconf 86' lang='lat' dir='ltr'>adorare·</span> 
     </span>
     <span class='ocr_line' id='line_1_14' title="bbox 334 1845 1232 1934; baseline 0 -21"><span class='ocrx_word' id='word_1_87' title='bbox 334 1873 393 1934; x_wconf 86' lang='lat' dir='ltr'>que</span> <span class='ocrx_word' id='word_1_88' title='bbox 420 1862 485 1915; x_wconf 90' lang='lat' dir='ltr'>toto</span> <span class='ocrx_word' id='word_1_89' title='bbox 514 1852 606 1913; x_wconf 88' lang='lat' dir='ltr'>corde</span> <span class='ocrx_word' id='word_1_90' title='bbox 633 1872 805 1931; x_wconf 88' lang='lat' dir='ltr'>supremum</span> <span class='ocrx_word' id='word_1_91' title='bbox 835 1870 962 1925; x_wconf 89' lang='lat' dir='ltr'>numen,</span> <span class='ocrx_word' id='word_1_92' title='bbox 989 1845 1024 1911; x_wconf 83' lang='lat' dir='ltr'>ut</span> <span class='ocrx_word' id='word_1_93' title='bbox 1049 1852 1125 1911; x_wconf 87' lang='lat' dir='ltr'>hanc</span> <span class='ocrx_word' id='word_1_94' title='bbox 1146 1871 1232 1913; x_wconf 88' lang='lat' dir='ltr'>men-</span> 
     </span>
     <span class='ocr_line' id='line_1_15' title="bbox 333 1950 1232 2034; baseline 0 -21"><span class='ocrx_word' id='word_1_95' title='bbox 333 1962 402 2029; x_wconf 86' lang='lat' dir='ltr'>tem,</span> <span class='ocrx_word' id='word_1_96' title='bbox 425 1956 503 2015; x_wconf 91' lang='lat' dir='ltr'>bunc</span> <span class='ocrx_word' id='word_1_97' title='bbox 524 1954 661 2015; x_wconf 80' lang='lat' dir='ltr'>affectum</span> <span class='ocrx_word' id='word_1_98' title='bbox 683 1960 773 2034; x_wconf 83' lang='lat' dir='ltr'>atque</span> <span class='ocrx_word' id='word_1_99' title='bbox 788 1952 819 2010; x_wconf 89' lang='lat' dir='ltr'>in</span> <span class='ocrx_word' id='word_1_100' title='bbox 836 1950 958 2013; x_wconf 80' lang='lat' dir='ltr'>Christo</span> <span class='ocrx_word' id='word_1_101' title='bbox 977 1952 1232 2031; x_wconf 85' lang='lat' dir='ltr'>conspirationem</span> 
     </span>
     <span class='ocr_line' id='line_1_16' title="bbox 332 2050 1232 2133; baseline -0.002 -18"><span class='ocrx_word' id='word_1_102' title='bbox 332 2054 369 2115; x_wconf 91' lang='lat' dir='ltr'>ad</span> <span class='ocrx_word' id='word_1_103' title='bbox 391 2074 508 2116; x_wconf 90' lang='lat' dir='ltr'>omnem</span> <span class='ocrx_word' id='word_1_104' title='bbox 530 2054 735 2133; x_wconf 86' lang='lat' dir='ltr'>posteritatem</span> <span class='ocrx_word' id='word_1_105' title='bbox 757 2050 919 2113; x_wconf 86' lang='lat' dir='ltr'>continuet</span> <span class='ocrx_word' id='word_1_106' title='bbox 960 2053 1000 2113; x_wconf 88' lang='lat' dir='ltr'>Se</span> <span class='ocrx_word' id='word_1_107' title='bbox 1022 2052 1141 2133; x_wconf 88' lang='lat' dir='ltr'>quidem</span> <span class='ocrx_word' id='word_1_108' title='bbox 1162 2072 1232 2113; x_wconf 90' lang='lat' dir='ltr'>cum</span> 
     </span>
     <span class='ocr_line' id='line_1_17' title="bbox 332 2153 1231 2233; baseline 0 -18"><span class='ocrx_word' id='word_1_109' title='bbox 332 2156 416 2215; x_wconf 89' lang='lat' dir='ltr'>omni</span> <span class='ocrx_word' id='word_1_110' title='bbox 437 2155 546 2215; x_wconf 81' lang='lat' dir='ltr'>familia</span> <span class='ocrx_word' id='word_1_111' title='bbox 565 2160 672 2214; x_wconf 86' lang='lat' dir='ltr'>testem</span> <span class='ocrx_word' id='word_1_112' title='bbox 692 2171 935 2233; x_wconf 89' lang='lat' dir='ltr'>praeconemque</span> <span class='ocrx_word' id='word_1_113' title='bbox 954 2153 1170 2215; x_wconf 82' lang='lat' dir='ltr'>beneficiorum</span> <span class='ocrx_word' id='word_1_114' title='bbox 1191 2154 1231 2215; x_wconf 91' lang='lat' dir='ltr'>ab</span> 
     </span>
     <span class='ocr_line' id='line_1_18' title="bbox 333 2253 1231 2336; baseline 0.007 -25"><span class='ocrx_word' id='word_1_115' title='bbox 333 2254 460 2315; x_wconf 85' lang='lat' dir='ltr'>ecclesia</span> <span class='ocrx_word' id='word_1_116' title='bbox 480 2253 701 2331; x_wconf 84' lang='lat' dir='ltr'>Wiirtemberg.</span> <span class='ocrx_word' id='word_1_117' title='bbox 724 2262 918 2331; x_wconf 88' lang='lat' dir='ltr'>acceptorum</span> <span class='ocrx_word' id='word_1_118' title='bbox 945 2254 1080 2316; x_wconf 86' lang='lat' dir='ltr'>extitisse</span> <span class='ocrx_word' id='word_1_119' title='bbox 1104 2275 1140 2316; x_wconf 89' lang='lat' dir='ltr'>ac</span> <span class='ocrx_word' id='word_1_120' title='bbox 1161 2276 1231 2336; x_wconf 78' lang='lat' dir='ltr'>gra-</span> 
     </span>
    </p>

    <p class='ocr_par' dir='ltr' id='par_1_3' title="bbox 279 2354 1231 3443">
     <span class='ocr_line' id='line_1_19' title="bbox 332 2354 1231 2433; baseline 0.004 -20"><span class='ocrx_word' id='word_1_121' title='bbox 332 2354 478 2414; x_wconf 85' lang='lat' dir='ltr'>tissimum</span> <span class='ocrx_word' id='word_1_122' title='bbox 505 2354 635 2415; x_wconf 89' lang='lat' dir='ltr'>animum</span> <span class='ocrx_word' id='word_1_123' title='bbox 662 2373 756 2433; x_wconf 90' lang='lat' dir='ltr'>porro</span> <span class='ocrx_word' id='word_1_124' title='bbox 783 2354 935 2433; x_wconf 85' lang='lat' dir='ltr'>profiteri,</span> <span class='ocrx_word' id='word_1_125' title='bbox 968 2363 1119 2416; x_wconf 85' lang='lat' dir='ltr'>caeterum</span> <span class='ocrx_word' id='word_1_126' title='bbox 1151 2376 1231 2417; x_wconf 86' lang='lat' dir='ltr'>non-</span> 
     </span>
     <span class='ocr_line' id='line_1_20' title="bbox 279 2443 1230 2537; baseline 0.006 -24"><span class='ocrx_word' id='word_1_127' title='bbox 279 2443 281 2447; x_wconf 30' lang='lat'><em>*</em></span> <span class='ocrx_word' id='word_1_128' title='bbox 332 2452 438 2527; x_wconf 88' lang='lat' dir='ltr'>nullis,</span> <span class='ocrx_word' id='word_1_129' title='bbox 467 2473 544 2533; x_wconf 87' lang='lat' dir='ltr'>quos</span> <span class='ocrx_word' id='word_1_130' title='bbox 570 2455 697 2515; x_wconf 86' lang='lat' dir='ltr'>humana</span> <span class='ocrx_word' id='word_1_131' title='bbox 723 2454 773 2514; x_wconf 90' lang='lat' dir='ltr'>vel</span> <span class='ocrx_word' id='word_1_132' title='bbox 793 2454 886 2529; x_wconf 85' lang='lat' dir='ltr'>ratio,</span> <span class='ocrx_word' id='word_1_133' title='bbox 914 2454 964 2515; x_wconf 87' lang='lat' dir='ltr'>vel</span> <span class='ocrx_word' id='word_1_134' title='bbox 986 2476 1074 2517; x_wconf 90' lang='lat' dir='ltr'>error</span> <span class='ocrx_word' id='word_1_135' title='bbox 1093 2456 1230 2537; x_wconf 87' lang='lat' dir='ltr'>abripiat,</span> 
     </span>
     <span class='ocr_line' id='line_1_21' title="bbox 332 2552 1229 2635; baseline 0.006 -22"><span class='ocrx_word' id='word_1_136' title='bbox 332 2572 394 2614; x_wconf 90' lang='lat' dir='ltr'>non</span> <span class='ocrx_word' id='word_1_137' title='bbox 421 2552 461 2613; x_wconf 86' lang='lat' dir='ltr'>ita</span> <span class='ocrx_word' id='word_1_138' title='bbox 486 2552 596 2631; x_wconf 90' lang='lat' dir='ltr'>videri,</span> <span class='ocrx_word' id='word_1_139' title='bbox 628 2562 718 2635; x_wconf 81' lang='lat' dir='ltr'>atque</span> <span class='ocrx_word' id='word_1_140' title='bbox 752 2555 829 2615; x_wconf 88' lang='lat' dir='ltr'>adeo</span> <span class='ocrx_word' id='word_1_141' title='bbox 862 2554 1052 2616; x_wconf 89' lang='lat' dir='ltr'>incommode</span> <span class='ocrx_word' id='word_1_142' title='bbox 1081 2557 1229 2628; x_wconf 86' lang='lat' dir='ltr'>accidere,</span> 
     </span>
     <span class='ocr_line' id='line_1_22' title="bbox 333 2654 1230 2736; baseline 0.006 -21"><span class='ocrx_word' id='word_1_143' title='bbox 333 2654 384 2735; x_wconf 90' lang='lat' dir='ltr'>qui</span> <span class='ocrx_word' id='word_1_144' title='bbox 411 2654 533 2715; x_wconf 86' lang='lat' dir='ltr'>summis</span> <span class='ocrx_word' id='word_1_145' title='bbox 559 2674 640 2715; x_wconf 89' lang='lat' dir='ltr'>nunc</span> <span class='ocrx_word' id='word_1_146' title='bbox 668 2656 776 2717; x_wconf 78' lang='lat' dir='ltr'>ciliciis</span> <span class='ocrx_word' id='word_1_147' title='bbox 798 2657 857 2717; x_wconf 90' lang='lat' dir='ltr'>sint</span> <span class='ocrx_word' id='word_1_148' title='bbox 877 2658 1021 2736; x_wconf 83' lang='lat' dir='ltr'>praelecti</span> <span class='ocrx_word' id='word_1_149' title='bbox 1045 2678 1082 2719; x_wconf 92' lang='lat' dir='ltr'>ac</span> <span class='ocrx_word' id='word_1_150' title='bbox 1102 2660 1230 2720; x_wconf 88' lang='lat' dir='ltr'>maxima</span> 
     </span>
     <span class='ocr_line' id='line_1_23' title="bbox 333 2755 1230 2839; baseline 0.007 -24"><span class='ocrx_word' id='word_1_151' title='bbox 333 2756 443 2835; x_wconf 83' lang='lat' dir='ltr'>ingenii</span> <span class='ocrx_word' id='word_1_152' title='bbox 465 2764 494 2815; x_wconf 91' lang='lat' dir='ltr'>et</span> <span class='ocrx_word' id='word_1_153' title='bbox 516 2755 629 2836; x_wconf 90' lang='lat' dir='ltr'>eloquii</span> <span class='ocrx_word' id='word_1_154' title='bbox 651 2756 794 2835; x_wconf 89' lang='lat' dir='ltr'>opinione</span> <span class='ocrx_word' id='word_1_155' title='bbox 814 2756 942 2819; x_wconf 86' lang='lat' dir='ltr'>valeant.</span> <span class='ocrx_word' id='word_1_156' title='bbox 983 2760 1230 2839; x_wconf 86' lang='lat' dir='ltr'>Praeponderare</span> 
     </span>
     <span class='ocr_line' id='line_1_24' title="bbox 332 2857 1231 2940; baseline 0.004 -23"><span class='ocrx_word' id='word_1_157' title='bbox 332 2866 430 2918; x_wconf 83' lang='lat' dir='ltr'>tnnren</span> <span class='ocrx_word' id='word_1_158' title='bbox 450 2857 642 2937; x_wconf 78' lang='lat' dir='ltr'>Augustanos</span> <span class='ocrx_word' id='word_1_159' title='bbox 663 2858 848 2919; x_wconf 80' lang='lat' dir='ltr'>confessioni</span> <span class='ocrx_word' id='word_1_160' title='bbox 868 2857 1021 2933; x_wconf 84' lang='lat' dir='ltr'>addictos,</span> <span class='ocrx_word' id='word_1_161' title='bbox 1041 2866 1130 2940; x_wconf 88' lang='lat' dir='ltr'>atque</span> <span class='ocrx_word' id='word_1_162' title='bbox 1151 2860 1231 2921; x_wconf 87' lang='lat' dir='ltr'>inter</span> 
     </span>
     <span class='ocr_line' id='line_1_25' title="bbox 333 2958 1230 3039; baseline 0.001 -19"><span class='ocrx_word' id='word_1_163' title='bbox 333 2976 387 3020; x_wconf 88' lang='lat' dir='ltr'>eos</span> <span class='ocrx_word' id='word_1_164' title='bbox 407 2958 486 3019; x_wconf 89' lang='lat' dir='ltr'>haud</span> <span class='ocrx_word' id='word_1_165' title='bbox 507 2978 620 3038; x_wconf 88' lang='lat' dir='ltr'>paucos</span> <span class='ocrx_word' id='word_1_166' title='bbox 650 2958 781 3019; x_wconf 87' lang='lat' dir='ltr'>eminere</span> <span class='ocrx_word' id='word_1_167' title='bbox 808 2978 937 3039; x_wconf 89' lang='lat' dir='ltr'>esseque</span> <span class='ocrx_word' id='word_1_168' title='bbox 956 2959 1146 3021; x_wconf 87' lang='lat' dir='ltr'>clanculariis</span> <span class='ocrx_word' id='word_1_169' title='bbox 1165 2961 1230 3021; x_wconf 80' lang='lat' dir='ltr'>for-</span> 
     </span>
     <span class='ocr_line' id='line_1_26' title="bbox 333 3059 1229 3140; baseline 0.002 -21"><span class='ocrx_word' id='word_1_170' title='bbox 333 3059 497 3121; x_wconf 88' lang='lat' dir='ltr'>midabiles.</span> <span class='ocrx_word' id='word_1_171' title='bbox 540 3060 657 3136; x_wconf 87' lang='lat' dir='ltr'>Quibus</span> <span class='ocrx_word' id='word_1_172' title='bbox 685 3062 710 3121; x_wconf 91' lang='lat' dir='ltr'>si</span> <span class='ocrx_word' id='word_1_173' title='bbox 738 3059 931 3121; x_wconf 87' lang='lat' dir='ltr'>christianiss.</span> <span class='ocrx_word' id='word_1_174' title='bbox 962 3060 1107 3140; x_wconf 87' lang='lat' dir='ltr'>principis</span> <span class='ocrx_word' id='word_1_175' title='bbox 1126 3061 1229 3122; x_wconf 90' lang='lat' dir='ltr'>consi-</span> 
     </span>
     <span class='ocr_line' id='line_1_27' title="bbox 331 3160 1229 3241; baseline 0 -21"><span class='ocrx_word' id='word_1_176' title='bbox 331 3160 404 3221; x_wconf 92' lang='lat' dir='ltr'>lium</span> <span class='ocrx_word' id='word_1_177' title='bbox 430 3162 612 3236; x_wconf 83' lang='lat' dir='ltr'>innotescat,</span> <span class='ocrx_word' id='word_1_178' title='bbox 647 3160 771 3221; x_wconf 88' lang='lat' dir='ltr'>multum</span> <span class='ocrx_word' id='word_1_179' title='bbox 799 3167 829 3221; x_wconf 90' lang='lat' dir='ltr'>et</span> <span class='ocrx_word' id='word_1_180' title='bbox 855 3160 928 3239; x_wconf 91' lang='lat' dir='ltr'>ipsis</span> <span class='ocrx_word' id='word_1_181' title='bbox 955 3160 1052 3221; x_wconf 87' lang='lat' dir='ltr'>robur</span> <span class='ocrx_word' id='word_1_182' title='bbox 1078 3160 1229 3241; x_wconf 90' lang='lat' dir='ltr'>animique</span> 
     </span>
     <span class='ocr_line' id='line_1_28' title="bbox 333 3259 1229 3341; baseline -0.002 -18"><span class='ocrx_word' id='word_1_183' title='bbox 333 3261 520 3338; x_wconf 89' lang='lat' dir='ltr'>additurum,</span> <span class='ocrx_word' id='word_1_184' title='bbox 542 3269 572 3322; x_wconf 87' lang='lat' dir='ltr'>et</span> <span class='ocrx_word' id='word_1_185' title='bbox 593 3260 735 3340; x_wconf 83' lang='lat' dir='ltr'>paulatim</span> <span class='ocrx_word' id='word_1_186' title='bbox 756 3260 843 3321; x_wconf 88' lang='lat' dir='ltr'>etiam</span> <span class='ocrx_word' id='word_1_187' title='bbox 864 3259 1075 3322; x_wconf 88' lang='lat' dir='ltr'>imbecilliores</span> <span class='ocrx_word' id='word_1_188' title='bbox 1097 3280 1229 3341; x_wconf 85' lang='lat' dir='ltr'>occupa-</span> 
     </span>
     <span class='ocr_line' id='line_1_29' title="bbox 333 3360 1228 3443; baseline -0.002 -20"><span class='ocrx_word' id='word_1_189' title='bbox 333 3370 448 3436; x_wconf 89' lang='lat' dir='ltr'>turum,</span> <span class='ocrx_word' id='word_1_190' title='bbox 470 3363 524 3424; x_wconf 88' lang='lat' dir='ltr'>sed</span> <span class='ocrx_word' id='word_1_191' title='bbox 546 3369 576 3423; x_wconf 91' lang='lat' dir='ltr'>et</span> <span class='ocrx_word' id='word_1_192' title='bbox 596 3361 678 3443; x_wconf 94' lang='lat' dir='ltr'>quod</span> <span class='ocrx_word' id='word_1_193' title='bbox 698 3362 742 3423; x_wconf 91' lang='lat' dir='ltr'>rei</span> <span class='ocrx_word' id='word_1_194' title='bbox 763 3370 870 3442; x_wconf 86' lang='lat' dir='ltr'>caput,</span> <span class='ocrx_word' id='word_1_195' title='bbox 895 3360 933 3421; x_wconf 89' lang='lat' dir='ltr'>ad</span> <span class='ocrx_word' id='word_1_196' title='bbox 954 3380 1008 3423; x_wconf 87' lang='lat' dir='ltr'>eos</span> <span class='ocrx_word' id='word_1_197' title='bbox 1029 3380 1160 3442; x_wconf 91' lang='lat' dir='ltr'>quorum</span> <span class='ocrx_word' id='word_1_198' title='bbox 1181 3361 1228 3421; x_wconf 90' lang='lat' dir='ltr'>in-</span> 
     </span>
    </p>
   </div>
   <div class='ocr_carea' id='block_1_3' title="bbox 246 3461 1230 3543">
    <p class='ocr_par' dir='ltr' id='par_1_4' title="bbox 246 3461 1230 3543">
     <span class='ocr_line' id='line_1_30' title="bbox 246 3461 1230 3543; baseline -0.004 -18"><span class='ocrx_word' id='word_1_199' title='bbox 246 3498 249 3509; x_wconf 80' lang='lat'>‚</span> <span class='ocrx_word' id='word_1_200' title='bbox 333 3470 426 3533; x_wconf 85' lang='lat' dir='ltr'>terest</span> <span class='ocrx_word' id='word_1_201' title='bbox 445 3462 548 3525; x_wconf 80' lang='lat' dir='ltr'>talium</span> <span class='ocrx_word' id='word_1_202' title='bbox 568 3461 808 3543; x_wconf 90' lang='lat' dir='ltr'>suppeditatione</span> <span class='ocrx_word' id='word_1_203' title='bbox 827 3461 1030 3525; x_wconf 89' lang='lat' dir='ltr'>transiturum.</span> <span class='ocrx_word' id='word_1_204' title='bbox 1063 3462 1104 3523; x_wconf 90' lang='lat' dir='ltr'>Se</span> <span class='ocrx_word' id='word_1_205' title='bbox 1118 3461 1230 3542; x_wconf 80' lang='lat' dir='ltr'>itaque,</span> 
     </span>
    </p>
   </div>
   <div class='ocr_carea' id='block_1_4' title="bbox 334 3559 1231 3643">
    <p class='ocr_par' dir='ltr' id='par_1_5' title="bbox 334 3559 1231 3643">
     <span class='ocr_line' id='line_1_31' title="bbox 334 3559 1231 3643; baseline -0.003 -18"><span class='ocrx_word' id='word_1_206' title='bbox 334 3571 367 3626; x_wconf 86' lang='lat' dir='ltr'>ut</span> <span class='ocrx_word' id='word_1_207' title='bbox 388 3564 519 3627; x_wconf 85' lang='lat' dir='ltr'>animum</span> <span class='ocrx_word' id='word_1_208' title='bbox 538 3564 661 3626; x_wconf 91' lang='lat' dir='ltr'>omnino</span> <span class='ocrx_word' id='word_1_209' title='bbox 681 3570 816 3643; x_wconf 89' lang='lat' dir='ltr'>paratum</span> <span class='ocrx_word' id='word_1_210' title='bbox 836 3568 1065 3635; x_wconf 86' lang='lat' dir='ltr'>commonstret,</span> <span class='ocrx_word' id='word_1_211' title='bbox 1092 3559 1231 3641; x_wconf 74' lang='lat' dir='ltr'>singulos</span> 
     </span>
    </p>
   </div>
   <div class='ocr_carea' id='block_1_5' title="bbox 0 0 1527 4409">
    <p class='ocr_par' dir='ltr' id='par_1_6' title="bbox 0 0 1527 4409">
     <span class='ocr_line' id='line_1_32' title="bbox 0 0 1527 4409; baseline 0 0"><span class='ocrx_word' id='word_1_212' title='bbox 0 0 1527 4409; x_wconf 95' lang='lat' dir='ltr'> </span> 
     </span>
    </p>
   </div>
  </div>
 </body>
</html>
