3025 4409
317 485 358 543 90
589 478 670 531 Liber
686 478 717 530 ll.
753 476 938 532 latt-ffiau

317 632 508 712 integriorem
535 640 644 694 sartam
669 638 838 712 tectamque
857 632 1021 704 servarint,
1049 634 1212 713 supersint.

317 721 399 781 luter
413 737 491 798 quos
512 736 597 777 sunm
613 736 648 775 ac
662 716 789 777 familiae
803 736 912 777 nomen
927 717 1065 796 profiteri
1079 738 1141 778 non
1156 718 1212 779 du-

318 820 399 889 bitet,
414 826 535 897 paratus
556 817 603 877 vel
620 824 717 877 morte
731 817 909 892 contestari,
930 838 1019 898 quam
1033 818 1071 877 ab
1085 827 1213 899 intraque

318 920 442 993 haeresi,
457 918 611 997 pontificia
625 926 655 978 et
669 917 834 977 calviniana
843 924 909 978 toto
921 919 1014 979 corde
1026 920 1212 981 dissentiant.

318 1023 379 1083 Sed
400 1030 499 1081 tamen
525 1026 611 1079 caute
637 1018 695 1077 hoc
717 1018 869 1095 negotium
891 1020 1093 1093 tractandum,
1114 1040 1214 1102 neque

319 1119 544 1185 exacerbandos
567 1118 686 1179 maximi
705 1118 838 1199 alioquin
859 1119 970 1197 ingenii
990 1121 1141 1197 homines,
1163 1122 1215 1203 qui

320 1224 349 1285 id
364 1224 491 1283 sortasse
508 1218 646 1293 ambiant,
670 1216 740 1294 et*)
756 1218 959 1296 offendantur,
980 1241 1016 1281 ac
1030 1222 1068 1281 ad
1082 1229 1216 1300 apertam

319 1343 390 1385 suae
413 1322 520 1381 mentis
541 1319 760 1397 professionem
780 1320 946 1397 adigantur.
988 1322 1134 1383 Retentos
1156 1323 1216 1383 huc

319 1442 416 1503 usque
436 1422 465 1481 in
487 1420 589 1481 officio
603 1430 758 1499 pastores,
777 1422 969 1501 paedagogos
985 1432 1015 1483 et
1029 1422 1215 1503 quibuscun-

319 1544 379 1606 que
400 1521 554 1601 religionis
570 1520 774 1583 disseminatio
790 1521 980 1608 concredita‚
1001 1543 1100 1604 neque
1115 1544 1214 1603 popu-

319 1624 380 1686 lum
401 1623 450 1684 vel
459 1623 649 1699 juventutem
663 1622 724 1683 ulla
738 1630 834 1702 parte,
856 1622 939 1702 quod
954 1622 1019 1701 ipse
1040 1625 1122 1699 sciat,
1144 1644 1213 1685 cor·
1312 1670 1314 1673 <
1385 1619 1386 1630 ’

320 1724 445 1805 ruptelis
464 1724 646 1803 inquinatam
668 1743 744 1787 esse.
782 1724 943 1785 Caeterum
963 1744 1030 1785 cum
1045 1728 1126 1805 apud
1140 1726 1214 1787 vici-

318 1846 376 1888 nos
397 1844 478 1887 nova
497 1823 643 1885 libertatis
666 1826 886 1887 ecclesiasticae
907 1843 978 1903 spes
999 1824 1150 1905 affulgeat,
1179 1845 1214 1887 se

319 1926 458 1989 ominbus
474 1944 551 2005 quos
570 1924 639 1985 hinc
654 1925 723 1987 inde
738 1935 828 1987 notos
843 1925 950 1987 lrabeat
963 1934 1077 1988 mature
1094 1928 1215 1987 adfutu-

318 2049 383 2091 rum
399 2047 434 2087 ac
449 2024 490 2085 ill.
505 2024 649 2103 principis
664 2046 823 2105 numquam
837 2028 910 2088 satis
920 2028 1214 2106 laudaudnmpectus

319 2128 605 2201 commendaturum,
627 2134 716 2206 atque
736 2127 860 2188 omnino
882 2149 966 2189 snam
988 2148 1059 2208 erga
1072 2128 1213 2207 inclytam

319 2230 440 2291 domum
459 2224 745 2304 Wiirtembergicam
767 2227 957 2290 devotionem
979 2239 1008 2291 et
1030 2229 1077 2289 hic
1098 2237 1127 2290 et
1147 2229 1213 2290 ubi-

320 2349 439 2409 cunque
458 2327 546 2387 liceat
565 2325 663 2403 plenis
686 2326 794 2388 officiis
813 2337 1125 2391 commonstreturum.

381 2431 470 2491 Hunc
498 2425 616 2504 excepit
643 2425 690 2485 du.
722 2426 883 2503 llitzlerus,
913 2450 1041 2511 cumque
1067 2431 1213 2492 ecclesiae

320 2533 419 2611 Super
432 2566 445 2575 -
459 2526 608 2588 Auisanae
643 2526 781 2603 puritatis
821 2530 859 2589 ad
894 2551 986 2593 unum
1026 2532 1213 2612 alterumque

319 2630 536 2695 claudicantem
557 2628 827 2707 usque-egregium
848 2631 1049 2693 testimonium
1071 2632 1214 2708 dedisset,

319 2731 435 2795 censuit
461 2749 478 2791 e
504 2748 537 2790 re
559 2727 753 2789 ecclesiarum
775 2729 1030 2793 reformandarum
1052 2731 1161 2807 videri,
1187 2734 1214 2796 si

319 2833 411 2915 aliqui
432 2830 542 2911 pietate
564 2839 594 2891 et
615 2828 784 2889 eruditione
805 2833 902 2892 ornati
922 2832 1049 2895 ministri
1068 2833 1213 2908 juvenes-

319 2952 379 3017 que
406 2934 436 2994 iu
464 2931 639 3011 praecinctu
660 2936 739 2991 stent
760 2937 851 3011 atque
872 2933 985 2993 interea
1005 2933 1084 2994 inter
1104 2953 1213 3013 proce-

319 3056 369 3098 res
390 3034 447 3097 sub
468 3033 528 3095 alio
550 3038 707 3111 praetextu
729 3030 857 3109 dispersi
877 3033 914 3093 ad
936 3054 1146 3115 quamcunque
1160 3055 1214 3097 oc-

320 3135 471 3199 casionem
498 3132 634 3213 depromi
659 3131 786 3210 possint.
833 3133 904 3194 Non
934 3134 1013 3195 enim
1041 3135 1240 3217 relinquen-⁴

317 3240 387 3303 dam
409 3232 593 3297 Calvinianis
615 3233 663 3293 v'el
687 3230 829 3293 tantillam
850 3254 978 3309 moram,
1005 3254 1065 3315 qua
1090 3236 1151 3297 sint
1174 3237 1214 3297 ad

321 3358 393 3401 suos
423 3334 629 3397 obtrudendos
655 3332 754 3406 usuri,
787 3352 916 3413 quorum
941 3354 976 3395 ea
1002 3336 1040 3395 sit
1065 3335 1214 3397 versatilis

319 3448 439 3511 natura,
461 3443 495 3495 ut
514 3432 685 3514 aliquandiu
706 3432 855 3494 veriorem
877 3434 1052 3513 religionem
1072 3436 1214 3497 simulare

318 3556 515 3571 ——-—-

385 3618 414 3685 l)
433 3613 524 3683 Ocni:
548 3621 578 3668 ut
595 3613 772 3667 offendantur.
