3025 4409
274 542 376 596 Misera
394 540 529 594 ecclesiae
547 548 574 593 et
592 539 750 609 theologiae
767 541 889 594 conditio
907 542 1091 595 adumbratur.
1110 549 1169 606 163

273 699 387 759 nostris
409 699 438 757 in
460 717 584 758 nervum
605 697 745 776 erumpit,
767 704 801 757 ut
822 695 917 776 palam
939 697 1097 776 profitear,
1125 700 1168 758 in·
1223 753 1224 756 ,

273 798 453 878 dignissimis
475 799 591 874 injuriis
613 798 757 857 irritatum
775 799 871 857 ileum
891 795 928 857 ad
949 805 1084 857 nostrum
1107 800 1170 857 exi-

271 900 345 958 tium
367 899 567 959 descendisse.
617 899 725 959 Vitiata
746 917 875 977 namque
895 898 1046 976 theologia
1067 905 1170 958 nostra

273 1008 337 1060 erat
364 1021 431 1060 cum
454 999 697 1060 scholasticarum
719 999 894 1078 opinionum
919 1009 948 1058 et
969 1000 1099 1058 rixarum
1121 1017 1169 1058 re-

271 1101 366 1173 tluxu,
389 1110 451 1161 tum
473 1108 637 1178 mystarum
658 1099 705 1159 vel
727 1100 804 1158 inter
818 1099 958 1177 politicos
973 1097 1098 1172 affrictu,
1121 1099 1169 1159 vel

273 1221 340 1262 mun
364 1202 458 1281 palam
481 1201 625 1278 improbis
647 1201 801 1279 contagi0,
825 1199 904 1260 unde
924 1199 985 1259 illic
1000 1200 1170 1279 importuna

272 1301 323 1361 illa
338 1302 391 1361 sed
408 1301 495 1361 nimis
516 1321 647 1380 operosa
665 1301 820 1361 altercatio
836 1299 1119 1377 Menzeriarra¹“⁰),
1142 1309 1172 1364 et

273 1403 432 1480 exagitatio
453 1402 606 1462 Arndiana
627 1401 758 1462 omnium
780 1401 929 1462 bonorum
953 1401 1065 1480 gemitu
1085 1421 1172 1470 exar7

274 1522 355 1572 sere;
372 1503 440 1562 binc
455 1522 558 1563 sacrae
572 1503 679 1565 frontis
695 1511 724 1563 et
735 1498 898 1562 venerandi
912 1501 993 1580 adyti
1005 1519 1110 1582 magna
1123 1522 1172 1563 re-

272 1602 384 1681 ligione
399 1603 487 1663 nobis
503 1602 678 1663 observatae
695 1603 896 1664 catarrlractae
908 1602 1072 1680 improviso
1084 1625 1171 1684 aper-

273 1710 336 1778 tae,
360 1712 389 1763 et
410 1714 553 1782 soporata
574 1702 772 1778 conscientia,
796 1721 890 1781 genus
913 1722 1002 1763 omne
1024 1703 1170 1765 malornm

274 1801 435 1863 admissum
458 1811 516 1875 est3
545 1804 670 1864 simonia
692 1803 827 1883 inquam,
850 1802 1052 1889 sacrilegium,
1074 1805 1172 1866 molo-

273 1905 346 1964 cbus
369 1903 446 1964 sacri
461 1902 620 1977 seminarii,
642 1910 817 1964 vertumnus
833 1902 1084 1978 concionatorius,
1106 1905 1171 1984 pla-

273 2005 352 2082 gium
385 2007 501 2083 priscae
534 2005 726 2082 eruditiouiS,
762 2005 948 2065 exorcismus
979 2005 1171 2086 reliquiarum

274 2105 347 2166 boui
369 2104 507 2183 spiritus,
537 2104 723 2168 aurifodinae
744 2103 998 2184 spermologicae,
1025 2107 1172 2184 paucissi-

274 2207 328 2266 mis
352 2205 497 2266 malornm
519 2207 873 2287 lomentabonorumque
887 2207 1088 2268 suffocamina.
1124 2209 1172 2268 De

274 2306 405 2385 politicis
428 2290 543 2367 delictis
566 2328 662 2367 meum
685 2327 745 2368 non
768 2316 813 2369 est
828 2307 940 2382 dicere,
963 2309 1082 2388 quaudo
1098 2327 1172 2370 con-

275 2405 410 2467 siliorum
440 2407 652 2486 imprudentia,
686 2419 716 2467 et
741 2409 921 2469 auxiliorum
949 2407 1173 2486 importunitate

275 2507 382 2567 domus
396 2527 530 2587 quasque
543 2507 758 2569 illustrissimos
772 2509 948 2569 Germaniae
962 2529 1083 2570 eversas
1099 2529 1172 2570 con-

275 2618 341 2668 stat.
377 2609 443 2668 Hoc
462 2610 549 2669 novis
565 2607 711 2688 conqueri
724 2607 821 2682 liceat,
844 2609 1018 2688 religionem
1039 2619 1172 2670 nostram

277 2711 379 2768 hostes
401 2710 493 2788 magis
515 2711 624 2771 noxios
639 2707 791 2788 plerisque
807 2709 922 2787 reipub.
937 2709 1095 2788 praelectis
1110 2727 1172 2770 non

276 2808 430 2883 babuisse,
458 2831 587 2890 quorum
615 2810 726 2889 quippe
752 2818 809 2868 tam
839 2809 977 2888 exemplo
1004 2827 1091 2891 qnam
1118 2811 1172 2870 im-

276 2909 361 2987 perio
388 2908 458 2969 nibil
486 2911 667 2990 flagitiorum
689 2907 877 2983 suscitatum,
906 2909 977 2969 nibil
998 2909 1173 2988 religiosum

277 3010 453 3085 extinctum,
482 3011 551 3071 nibil
580 3010 700 3070 Christo
728 3009 885 3070 adversum
915 3011 997 3070 velut
1022 3010 1089 3089 lege
1115 3010 1174 3072 lata

276 3107 425 3170 violenter
450 3113 600 3172 invectum
627 3129 688 3169 non
717 3109 763 3170 sit.
808 3111 845 3170 Et
866 3111 1049 3184 ruirantur*)
1072 3113 1172 3174 subito
1246 3139 1250 3150 ·

277 3230 335 3290 qua
357 3210 490 3289 religiosi
512 3211 625 3285 cultus,
648 3231 706 3290 qua
727 3211 822 3272 civilis
837 3213 1100 3275 administrationis
1115 3217 1172 3275 sul·

277 3332 327 3372 cra
350 3313 528 3388 concidisse,
551 3332 628 3394 quae
647 3311 758 3373 dudum
781 3333 879 3388 erosa,
902 3315 1010 3374 autad
1034 3317 1171 3392 extimam

276 3432 372 3493 usque
401 3413 543 3474 corticem
573 3420 687 3487 secata,
722 3414 862 3495 quicquid
891 3417 977 3476 ctiam
1004 3417 1171 3478 stabilitatis

340 3627 370 3695 θ’)
389 3627 457 3680 Cod.
475 3632 503 3682 Α.
523 3635 551 3681 et
567 3629 610 3682 B.:
637 3627 760 3682 mirarur.

954 3721 990 3777 tl
1001 3717 1021 3756 *
