3025 4409
333 493 373 555 γι)
610 484 694 541 nica
710 487 742 540 u.
777 485 965 543 rur-mm.

329 644 389 707 bus
413 641 583 705 eminebant
613 643 740 705 verbum
767 649 797 704 et
823 652 1008 704 sacramenta
1034 640 1176 722 precibus
1205 650 1237 704 et

330 742 494 807 afflictione
510 744 718 805 concomitata.
739 743 815 805 Alae
828 742 905 804 duae
923 742 988 803 sive
1000 742 1134 804 minores
1145 758 1236 803 areae

331 864 386 907 sex
406 844 510 907 mundi
530 843 661 905 revoluti
681 844 867 906 millenarios
886 842 1095 923 exprimebant
1114 842 1169 904 hac
1188 843 1236 904 di-

332 944 526 1019 stributione,
556 952 590 1005 ut
615 944 684 1005 hinc
711 944 859 1023 ecclesiae
881 943 1039 1023 simplicis,
1068 943 1235 1005 dissolutae

332 1054 362 1107 et
381 1045 498 1125 ligatae,
519 1042 602 1105 illinc
624 1044 740 1125 imperii
761 1045 912 1120 mundani,
935 1042 1098 1105 Christiani
1119 1053 1149 1104 et
1168 1042 1235 1103 hn-

331 1144 508 1207 tlchristiani
533 1144 638 1207 laniem
666 1144 707 1205 ob
735 1146 845 1207 oculos
870 1150 1029 1226 ponerent.
1071 1142 1119 1204 Ac
1139 1142 1234 1203 altera

332 1244 453 1327 quidem
474 1262 529 1307 sua
549 1244 629 1305 orali
649 1244 746 1324 figura
767 1246 864 1325 prima
890 1244 1047 1306 ecclesiam
1067 1263 1087 1304 a
1105 1243 1233 1323 patriar-

332 1346 396 1408 chis
413 1346 577 1408 institutam
598 1345 784 1407 monstrabat
804 1354 835 1408 et
851 1344 939 1407 Caini
955 1343 1150 1424 protervitate
1162 1362 1234 1405 exa-

331 1448 467 1527 gitatam,
495 1445 628 1507 secunda
654 1444 759 1506 diluvii
779 1464 924 1525 poenam,
950 1445 1038 1506 tertia
1065 1444 1233 1507 sacrificio-

331 1568 398 1609 rum
426 1546 490 1610 sive
511 1542 697 1607 tabernaculi
717 1545 902 1621 inatihrtum,
930 1546 1040 1627 quibus
1066 1546 1098 1606 in
1125 1544 1233 1624 proxi·

331 1648 389 1709 mis
409 1646 494 1709 cellis
519 1652 582 1706 tres
603 1646 787 1726 quaternarii
807 1647 1045 1727 respondebant:
1074 1648 1103 1707 1.
1124 1644 1232 1706 Adami

330 1768 439 1829 nempe
453 1747 571 1810 cultura
586 1753 691 1822 terrae,
713 1749 743 1809 2.
766 1746 855 1809 Caini
867 1746 1069 1822 hahicidium,
1091 1748 1121 1809 ³.
1144 1744 1232 1808 Caini

330 1869 411 1911 nova
431 1848 611 1931 respublica,
631 1846 815 1911 &Nominis
825 1847 948 1909 Domini
967 1848 1085 1924 concio,
1107 1846 1137 1910 5.
1152 1848 1232 1909 Tur-

330 1952 373 2012 ris
394 1950 575 2032 babyloniae
595 1950 756 2025 temeritas,
779 1950 808 2009 6.
829 1949 952 2010 Foedus
968 1968 1036 2009 curn
1051 1946 1231 2025 Abrabam,

330 2054 358 2115 7.
370 2052 522 2113 Sodomae
532 2050 736 2131 conflagratio,
751 2051 781 2111 8.
793 2047 1079 2128 Hagarisexpulsio,
1094 2050 1124 2110 9.
1133 2050 1232 2110 'l'rau-

330 2152 405 2214 situs
425 2172 482 2233 per
502 2170 583 2213 mare
597 2150 730 2224 rubrum,
753 2150 803 2211 11).
825 2149 954 2211 Mannae
966 2148 1062 2226 cibus,
1084 2145 1133 2212 11.
1156 2149 1229 2211 ilie-

329 2251 474 2314 richuntis
503 2256 590 2316 ruina
618 2260 648 2314 et
676 2250 725 2310 12.
748 2248 852 2328 templi
873 2250 1046 2312 Salomonis
1067 2256 1229 2326 stmctura,

330 2351 431 2411 omnia
451 2352 589 2415 versibus
613 2360 642 2413 et
662 2349 806 2427 rhythmis
826 2351 864 2411 ad
885 2351 958 2412 novi
978 2350 1148 2413 testamenti
1159 2351 1229 2411 har-

328 2451 458 2513 moniam
478 2452 615 2514 adducta.
650 2448 754 2510 Altera
774 2467 849 2511 vero
871 2451 1001 2531 primum
1017 2450 1153 2513 Danielis
1175 2470 1231 2513 co·

328 2550 454 2628 lossum,
476 2559 608 2634 quatuor
627 2550 867 2612 monarchiarum
888 2560 1002 2632 typum,
1024 2553 1093 2614 dein
1115 2551 1230 2615 Christi

328 2653 358 2713 in
380 2653 469 2715 terris
487 2653 587 2730 vitam,
609 2652 739 2733 denique
750 2651 926 2715 Antichristi
944 2651 1163 2714 ethlahometis
1176 2654 1228 2714 iu-

327 2772 415 2815 rores
432 2754 554 2815 Lutheri
574 2761 682 2816 exortu
699 2750 849 2831 mitigatos
867 2752 1119 2832 repraesentabat.
1151 2752 1228 2830 Qui-

326 2853 385 2916 bus
406 2854 599 2916 sociabantur
620 2856 649 2915 1.
672 2852 780 2915 Daniel
800 2854 879 2915 intcr
899 2856 1019 2930 leones,
1041 2856 1072 2916 2.
1094 2854 1228 2915 Seruba·

326 2952 403 3017 belis
424 2954 613 3031 restauratio,
634 2955 664 3015 3.
686 2953 935 3016 Maccahaeorum
949 2953 1053 3029 robur,
1076 2956 1106 3015 4.
1127 2954 1227 3015 liero-

327 3054 373 3117 dis
382 3055 545 3136 toparchia,
567 3056 597 3119 d.
615 3053 728 3117 Christi
741 3075 809 3117 cum
820 3054 987 3117 Pharisaeis
1000 3054 1090 3130 lucta,
1113 3054 1142 3114 6.
1159 3054 1232 3131 eius

325 3156 409 3217 varia
417 3174 523 3218 manus
535 3155 658 3231 medica,
681 3156 709 3217 7.
724 3154 858 3233 ejusdem
872 3155 972 3217 crucis
990 3154 1123 3237 sequela,
1144 3155 1175 3216 8.
1188 3172 1226 3215 ac

326 3256 449 3337 splrihrs
470 3256 548 3319 sacri
570 3255 750 3333 distributio,
772 3259 802 3317 9.
823 3257 941 3318 'furcae
959 3254 1149 3331 truculentia,
1173 3255 1223 3315 ll).

324 3358 424 3438 Papae
444 3358 639 3435 contumacia,
663 3358 712 3419 11.
734 3358 1080 3436 Haereseonvenenum,
1101 3357 1152 3418 12.
1166 3355 1224 3417 Ju-

323 3456 413 3521 bilaei
436 3458 586 3540 gandium.
636 3456 779 3541 Utrisque
805 3458 852 3521 his
878 3464 1039 3539 praeerant
1064 3455 1141 3538 legis
1166 3474 1225 3537 per

327 3556 457 3640 Moysen
480 3565 510 3622 et
530 3562 642 3641 gratiae
663 3578 718 3639 per
739 3558 961 3633 blariaelilium
980 3558 1117 3635 ministri,
1137 3558 1224 3622 addi-
