3025 4409
342 512 404 571 244
609 502 692 557 Liber
707 500 750 556 Vl.
786 499 973 558 rota-tots.

342 659 405 722 tilia
428 666 581 735 versatur,
608 677 666 719 nec
686 658 892 720 aestimatione
919 657 989 718 mihi
1010 656 1158 718 minorum
1179 659 1246 718 Ge-

344 761 420 841 orgii
446 759 656 838 christophori
682 757 890 820 Sternenielsii
924 757 1067 838 producis
1094 758 1246 837 hlompel-

344 862 501 940 gartensis,
522 866 552 921 et
572 857 783 939 christophori
801 859 958 920 Forstneri
979 858 1163 934 cancellarii,
1184 860 1245 920 viri

345 981 417 1023 sane
444 979 532 1042 quam
559 958 664 1037 probi,
694 959 774 1020 acuti
802 967 832 1020 et
858 959 977 1032 diserti,
1005 959 1136 1020 Mauritii
1163 959 1245 1020 Cro-

344 1061 440 1123 ueccii
464 1059 579 1140 pridem
600 1059 631 1119 in
657 1059 726 1119 aula
752 1058 991 1134 contubernalis,
1023 1067 1084 1120 turn
1107 1061 1246 1138 Augusta

345 1162 415 1223 mihi
435 1159 711 1222 commendatorum
732 1158 936 1219 studiosorum
953 1159 1108 1235 juvenum,
1131 1160 1245 1220 Danie-

345 1263 383 1323 lis
402 1258 549 1334 Goebelii,
570 1259 715 1320 Johannis
735 1257 869 1319 Conradi
890 1259 1058 1321 amicissimi
1080 1259 1150 1320 olim
1172 1261 1245 1321 mihi

346 1360 492 1439 theologi,
525 1357 651 1420 loannis
672 1359 838 1420 Bernhardi
860 1359 960 1420 Zechii
987 1405 1074 1433 ....,
1096 1361 1246 1422 llerwarti

349 1507 419 1534 ....,
440 1459 566 1521 Joannis
587 1458 727 1520 Matthaei
747 1459 847 1533 Fabri,
872 1459 998 1519 loannis
1011 1461 1132 1521 Heurioi
1146 1463 1243 1523 Bern-

347 1562 439 1636 harti,
461 1559 585 1639 Georgii
607 1559 722 1621 hlberti
742 1559 889 1634 liliorum,
916 1578 952 1618 ac
972 1559 1020 1619 vel
1041 1561 1176 1640 inprimis
1199 1565 1241 1624 hl.

347 1660 517 1723 Leonhardi
536 1659 687 1721 Laurentii
700 1660 763 1736 jam
786 1659 836 1719 diu
856 1657 926 1718 mihi
947 1660 1147 1737 perofficiosi,
1176 1663 1242 1724 sive

349 1769 490 1842 paternae
517 1760 581 1822 sive
607 1778 681 1820 suae
704 1758 850 1820 amicitiae
877 1759 991 1820 tructus
1019 1762 1097 1840 apud
1123 1781 1171 1823 me
1197 1764 1243 1825 le-

348 1863 488 1944 gentium,
508 1880 596 1944 quos,
618 1879 677 1942 qna
696 1859 782 1938 potui
799 1859 868 1934 fide,
890 1866 1041 1940 utcunque
1059 1862 1146 1923 solvi.
1180 1863 1243 1925 Sed

349 1971 380 2026 et
389 1964 522 2026 Adamas
533 1957 728 2040 Burger²⁸“)
740 1958 812 2020 artis
829 1961 1009 2038 supputandi
1019 1969 1180 2024 veteranus
1193 1964 1242 2025 hic

348 2063 488 2145 magister
508 2081 576 2125 cum
596 2079 651 2122 sua
670 2059 805 2120 Barbara
824 2058 985 2138 Angerina,
1005 2069 1133 2145 uterque
1153 2065 1243 2128 viridi

349 2171 455 2227 exacto
476 2159 655 2225 matrimonii
670 2160 712 2219 tu
727 2179 807 2220 auno
817 2158 981 2236 jnbilaeum
996 2162 1133 2226 festivum
1149 2185 1242 2228 suasu

348 2285 418 2328 meo
443 2271 474 2326 et
498 2261 651 2326 conductu
671 2258 789 2336 habuit,
818 2258 940 2322 insolito
962 2262 1062 2326 multis
1084 2271 1114 2326 et
1129 2267 1242 2343 jucun-

349 2367 473 2428 dissimo
493 2359 676 2443 spectaculo,
699 2360 758 2420 hoc
779 2366 877 2421 tamen
898 2361 963 2423 aliis
984 2362 1135 2441 interiore,
1158 2367 1241 2448 quod

348 2466 460 2528 nnllam
481 2483 520 2525 ex
540 2480 574 2522 se
594 2457 741 2535 sobolem,
762 2479 855 2521 uuum
875 2469 989 2525 tantum
1007 2484 1044 2525 ex
1059 2466 1121 2527 vita
1139 2468 1242 2530 innota

348 2566 411 2628 filia
430 2581 573 2647 generum
593 2558 731 2621 comitem
751 2559 916 2625 habuerint
967 2564 1094 2627 Munera
1120 2567 1240 2648 elegan-

348 2666 426 2728 tiora
444 2665 500 2727 tuli
518 2667 637 2745 praeter
657 2659 783 2722 solenne
804 2661 967 2740 Angustale
986 2665 1131 2746 principis
1150 2669 1241 2731 herae
1270 2659 1273 2667 ¹

348 2784 432 2827 meae
451 2773 595 2838 strenam,
625 2761 768 2841 principis
790 2761 882 2822 Ulrici
903 2769 933 2824 at
958 2764 1069 2827 nobilis
1088 2768 1242 2847 Megezeri

348 2865 513 2946 sponsalia,
533 2864 677 2945 principis
697 2862 830 2942 Sibyllae
849 2863 1090 2942 valedictorium,
1116 2866 1241 2930 baronis

347 2965 502 3029 Racknizii
522 2972 553 3026 et
575 2963 786 3025 l'ielienbachii
810 2964 983 3041 honoraria,
1012 2966 1128 3047 singula
1155 2976 1240 3048 grata

348 3073 448 3128 mente
468 3066 506 3127 ad
526 3064 731 3144 posteritatem
751 3065 937 3142 exponenda.
971 3065 1091 3142 lnvidia,
1113 3067 1240 3130 insidio-

348 3185 415 3228 sum
435 3166 506 3227 mihi
526 3171 700 3240 monstrum,
725 3163 817 3224 semel
837 3171 951 3227 tantum
972 3165 1055 3228 virus
1077 3186 1165 3229 suum
1184 3188 1240 3248 pa-

346 3267 406 3328 lam
433 3268 483 3328 15.
499 3263 593 3345 April.
619 3263 767 3336 exseruit,
799 3263 881 3326 domi
907 3271 1024 3326 caetera
1051 3265 1083 3326 id
1110 3267 1158 3328 vel
1185 3288 1237 3330 ex-

347 3387 460 3448 spuens
479 3364 529 3426 vel
548 3362 719 3438 resorbens.
761 3362 868 3428 Dimisi
890 3385 927 3426 ex
949 3367 1039 3428 domo
1058 3386 1124 3428 mea
1143 3367 1239 3430 Joan-

346 3485 415 3528 nem
428 3464 627 3541 Ludovicum,
647 3463 774 3525 loannis
793 3463 915 3527 Martini
933 3464 1073 3529 Andreae
1092 3469 1239 3546 pahuelis

345 3566 496 3647 qnondam
521 3565 579 3629 mei
604 3564 760 3645 perdileoti
781 3564 890 3642 hlium,
917 3566 1061 3630 famulitio
1087 3569 1169 3648 apud
1189 3589 1238 3632 me
