3025 4409
374 486 544 543 Matrimonii
561 487 621 540 dies
639 485 840 542 anniversarius
857 487 904 541 XL
922 487 1085 542 celebratur.
1129 493 1188 554 281

293 644 454 725 lingensis,
475 643 603 705 hliohael
623 645 734 706 bliiller
757 643 1011 725 WildbergensiS,
1037 643 1191 724 Philippus

294 745 429 806 Jacobus
455 745 610 826 Woelling
636 745 890 807 Moeokmiilensis
917 752 946 806 et
970 745 1058 805 loan.
1077 744 1188 824 Wollg.

296 846 378 905 Geer
410 845 670 925 Sindelfiugensis.
722 847 769 907 Ex
798 844 991 926 paedagogiis
1018 863 1092 906 vero
1122 847 1189 906 th:

294 945 429 1006 loannes
451 947 526 1006 Lud.
549 946 673 1008 Neuffer
698 946 915 1026 Tubingensis,
941 947 1074 1006 «loannes
1101 945 1190 1005 Wer-

293 1065 350 1105 ner
375 1045 470 1105 Fleok
498 1046 605 1122 Statu,
639 1047 789 1127 Georgius
814 1047 945 1110 Balthas.
969 1046 1128 1107 Kuetaisoh
1162 1051 1191 1106 et

293 1146 428 1207 loannes
442 1147 600 1226 Dettinger
624 1147 941 1222 Kiroho-Teooenses
963 1147 1098 1208 loannes
1117 1146 1191 1206 Klo-

294 1247 362 1326 pler
388 1248 677 1328 HerrenbergeusiS‚
713 1249 850 1310 Andreas
877 1246 963 1309 Buiel
995 1245 1191 1306 Oanstadien-

295 1345 352 1421 sis,
372 1347 506 1410 loannes
521 1347 691 1428 christoph.
705 1349 823 1410 Denzel
840 1348 1078 1426 Baoknangens,
1097 1347 1191 1408 Joan-

298 1465 354 1506 nes
378 1447 484 1511 Jacob.
511 1451 610 1511 Mewe
637 1451 844 1530 Vaihingeus.,
876 1448 1024 1509 Henrious
1040 1442 1042 1448 ’
1056 1447 1191 1510 labobus

298 1546 410 1607 hliiller
422 1548 661 1626 Neostainensis‚
678 1550 813 1611 loannes
831 1548 964 1610 lacobus
982 1549 1077 1628 Siglin
1092 1552 1190 1611 Leon-

249 1723 254 1735 !
298 1647 397 1727 berg„
422 1649 556 1710 loannes
577 1649 704 1710 Michael
725 1649 892 1711 Dosselius-
906 1649 1083 1728 Lipsiensis,
1105 1651 1192 1712 Jose·

297 1750 375 1828 phus
392 1751 476 1812 Stahl
495 1749 763 1831 Loeohgoviensis,
781 1749 893 1829 Wolfg.
909 1747 1080 1828 Christoph.
1092 1749 1192 1810 Flem-

298 1850 381 1932 ming
400 1851 654 1928 Daohsbaoensis‚
681 1857 711 1912 et
735 1852 869 1913 loannes
891 1849 1039 1911 Melchior
1064 1850 1193 1912 Kausler

298 1947 491 2028 llaibaoens„
520 1971 598 2033 qnos
618 1953 649 2013 in
670 1952 762 2013 fidem
786 1951 888 2031 recepi
915 1952 944 2012 6.
968 1949 1051 2030 Sept.
1106 1953 1193 2028 Quae

300 2051 376 2114 ioris
403 2064 469 2114 aota
496 2061 581 2129 sunt,
608 2054 639 2114 iu
664 2054 723 2115 hoo
743 2050 910 2132 Trophonii
936 2056 1023 2111 antro
1050 2069 1118 2112 meo
1145 2070 1193 2112 me

299 2155 496 2233 praeteriere,
523 2173 601 2235 quae
624 2154 656 2214 in
676 2153 805 2215 oomitiis
824 2149 1094 2213 Ratisbouensibus
1119 2169 1194 2212 oon-

300 2253 470 2332 laetasint,
491 2273 645 2334 supreme
665 2251 843 2331 tuere³⁰⁷).
875 2251 1079 2314 Eucharistica
1096 2259 1195 2314 tamen

299 2373 357 2434 pro
377 2355 583 2417 Romanorum
603 2375 675 2435 rege
696 2360 798 2416 creato
812 2353 1004 2416 Ferdinando
1025 2355 1045 2412 4
1065 2353 1194 2415 diximus

301 2455 449 2518 31.Ju1ii.
490 2457 572 2518 Anni
596 2456 732 2518 fertilitas
752 2454 888 2529 insolita,
918 2459 947 2515 et
967 2452 1036 2514 hino
1055 2471 1197 2516 annonae-

301 2557 401 2618 vilitas
414 2557 581 2636 posteritati
592 2557 779 2618 admirationi
792 2555 849 2617 erit
857 2554 869 2588 ⁸
878 2553 891 2588 ⁰
900 2553 941 2633 ⁸).
968 2555 1014 2616 Ex
1026 2554 1111 2616 laetis
1125 2554 1194 2616 mihi

302 2657 387 2718 fuere
400 2657 521 2736 nuptiae
539 2657 686 2718 Friderioi
701 2657 796 2718 Ducis
810 2647 977 2716 Wiirtemb.
996 2657 1026 2717 7.
1041 2655 1124 2717 lunii
1143 2673 1194 2720 so-

300 2758 384 2819 lenni
402 2775 513 2837 pompa
532 2757 699 2833 absolutae,
720 2764 751 2818 et
772 2757 878 2817 domus
896 2754 1030 2834 Augusta
1045 2763 1135 2838 nepte
1156 2775 1195 2819 ex

301 2860 367 2922 filio
387 2859 524 2939 principe
542 2855 782 2937 Rudolpho⁸⁰⁹)
802 2855 957 2918 Dorothea
977 2855 1089 2936 Sophia
1108 2865 1195 2920 auota

303 2964 352 3023 17.
363 2958 482 3035 lanii).
508 2958 580 3018 Dux
593 2957 784 3018 Eberhardus
798 2958 889 3018 herus
902 2965 1016 3034 noster,
1028 2958 1098 3019 dum
1115 2958 1195 3038 apri-

303 3081 360 3122 nae
386 3056 539 3120 venationi
570 3064 667 3132 vacat,
694 3057 855 3118 illustrium
882 3075 1045 3120 numeroso
1067 3059 1195 3120 eomita-

305 3160 354 3222 ω’
363 3161 372 3194 ¹
381 3160 413 3238 ⁰)
423 3160 462 3221 ad
472 3176 531 3220 nos
544 3156 673 3231 divertit,
684 3158 733 3218 oui
746 3157 929 3219 tamenleoto
942 3159 1076 3236 dejectus
1088 3159 1195 3220 adesse

304 3278 367 3320 non
386 3259 482 3340 potui,
503 3258 558 3320 sed
578 3257 680 3318 invisit
696 3275 820 3337 aegrum
833 3258 984 3339 princeps,
1008 3259 1094 3338 virgo
1108 3258 1196 3320 Anna

304 3358 441 3421 Johanna
456 3381 525 3422 oum
543 3358 652 3421 oomite
668 3357 848 3439 Stolbergia,
870 3365 899 3420 et
915 3359 1137 3439 perhumaniter
1151 3363 1197 3422 est

369 3571 399 3640 a)
417 3571 485 3626 cod.
502 3571 532 3626 B.
551 3570 766 3644 superscriptum
783 3571 879 3628 habet:
895 3571 977 3626 Febr.
