3025 4409
471 482 605 552 Tyrannis
622 479 812 536 ecclesiastica
829 480 989 552 impugnata.
1116 489 1178 552 239

288 657 402 700 novum
432 638 560 719 aliquem
590 637 793 698 antichristum
827 638 1176 720 pseudo-evangelicum

288 740 481 818 parturiente.
536 739 612 800 Nam
637 758 705 798 curn
733 737 854 798 vixdum
882 739 1076 817 insigniorum
1102 743 1176 804 deli-

286 848 406 901 ctorum
426 840 546 919 publica
565 840 736 918 deprecatio
751 839 781 898 in
799 839 926 899 ecclesia
940 839 1072 902 instituta
1086 854 1175 920 esset,

288 939 419 1018 politicis
443 939 570 1013 artibus,
596 950 629 1000 ut
648 939 761 1000 venalis
782 939 965 1020 venialisque
986 940 1037 1014 iis,
1067 944 1176 1023 quibus

288 1040 400 1101 nummi
416 1049 526 1114 essent,
547 1041 636 1102 etiam
654 1040 743 1102 nauci
756 1040 925 1102 homiuibus
941 1060 976 1102 ea
997 1042 1090 1119 lieret,
1111 1053 1176 1106 ten-

287 1147 380 1202 tatum
400 1147 455 1200 est
497 1141 588 1216 Quod
608 1161 675 1202 cum
695 1161 752 1218 pro
774 1140 875 1201 officio
897 1147 977 1200 esset
999 1142 1177 1220 dissuasum,

289 1249 350 1302 tum
385 1242 583 1302 intumescere
612 1243 739 1304 coluber
769 1253 799 1302 et
827 1241 997 1304 absolutum
1024 1244 1055 1304 in
1080 1245 1177 1308 eccle-

288 1341 363 1402 siam
375 1341 531 1419 imperinm
547 1344 672 1420 jactare,
693 1345 880 1404 eversionem
897 1347 984 1404 etiam
994 1345 1108 1421 jurium
1121 1345 1176 1408 im-

290 1443 523 1522 munitatemque
543 1443 609 1519 ejus
630 1444 757 1503 minitari
778 1445 807 1502 2.
828 1443 926 1505 Martii
940 1452 970 1505 et
986 1448 1015 1506 t.
1028 1445 1178 1520 necent„

290 1543 329 1602 de
349 1543 459 1623 quibus
480 1541 619 1604 Christus
639 1544 704 1623 ipse
724 1543 841 1604 viderit.
876 1545 913 1606 Et
933 1547 1005 1606 haec
1026 1547 1179 1624 praeludia

288 1650 361 1704 sunt
380 1651 502 1704 nostrae
521 1644 552 1704 in
574 1643 726 1704 Christum
746 1643 922 1720 voluntatis,
949 1644 1041 1706 oflicii
1062 1655 1092 1708 et
1111 1667 1180 1726 gra-

289 1744 439 1818 titudinis,
466 1745 537 1806 dum
564 1745 602 1804 de
623 1743 836 1822 recuperandis
860 1743 949 1806 bonis
970 1744 1180 1810 ecclesiasticis

291 1856 374 1908 tanto
400 1847 477 1919 nisu,
498 1845 648 1923 impendio
670 1853 700 1906 et
725 1845 1047 1922 temporelllonasterii
1067 1853 1097 1906 et
1118 1847 1179 1908 Os·

290 1947 443 2025 nabrugae
461 1945 624 2019 laboratur,
645 1954 680 2006 nt
698 1945 769 2004 dnm
789 1944 825 2006 iis
847 1965 991 2020 caremus,
1013 1965 1081 2006 curu
1102 1947 1179 2010 lame

231 2088 238 2106 .
291 2057 323 2110 et
349 2047 469 2108 inlanna
499 2046 728 2108 conflictandum
759 2045 824 2120 ejus
857 2045 1013 2122 ministris,
1050 2048 1179 2128 receptis

289 2168 380 2221 vero,
405 2147 462 2209 sub
486 2147 643 2225 impotenti
666 2146 820 2208 dominatu
845 2163 924 2206 nova
943 2145 1096 2228 tristisque
1116 2168 1180 2210 ser-

289 2250 370 2312 vitus
398 2247 556 2310 metuenda
579 2246 626 2308 sit.
676 2247 824 2308 Ordinum
849 2253 1023 2308 nostrorum
1048 2266 1181 2310 conven-

290 2361 339 2412 tus
365 2349 444 2427 Aug.
469 2357 500 2408 et
525 2348 608 2425 Sept
629 2367 732 2408 mense
751 2346 869 2406 habitus
890 2346 997 2408 iterum
1019 2347 1179 2412 intumum

287 2450 361 2512 abiit
381 2448 486 2509 Martis
505 2447 696 2526 crepitaculis
716 2446 886 2526 dissipans.
923 2446 1026 2508 Mitior
1038 2449 1180 2514 menis

289 2549 380 2612 nobis
413 2568 502 2628 quam
533 2547 600 2608 aliis
631 2547 700 2623 tuit,
735 2546 788 2608 ubi
818 2545 961 2608 barbarae
993 2548 1181 2612 immanitatis

289 2649 427 2728 exempla
446 2649 543 2724 lanae,
564 2648 769 2722 Lentkirclme,
784 2647 972 2710 Kaulbenrae
991 2648 1123 2730 alibique
1142 2650 1181 2712 ad

288 2760 445 2813 aeternum
462 2749 594 2810 dedecus
614 2749 770 2821 duratura,
792 2747 870 2808 edita
890 2757 967 2810 sunt.
1011 2749 1182 2828 Supersunt

289 2851 437 2933 quaedam
454 2849 578 2928 privata
598 2867 727 2930 quorum
746 2846 862 2908 veniam
882 2847 920 2908 ab
940 2848 1117 2928 aequanimo
1135 2851 1180 2914 lc-

290 2961 376 3014 ctore
391 2958 479 3028 peto:
500 2969 609 3028 nempe
627 2949 763 3010 adlectus
785 2966 851 3008 sum
872 2947 902 3008 in
921 2947 1056 3010 ordinem
1077 2950 1180 3014 truct'·

288 3053 372 3114 serae
397 3049 565 3124 societatis,
587 3051 650 3125 jnm
674 3047 713 3108 ab
736 3066 817 3108 anno
840 3049 929 3110 1617.
959 3049 1099 3130 auspiciis
1120 3054 1181 3116 Lu·

290 3151 390 3214 dovici
414 3149 559 3230 principis
578 3147 729 3210 Anlaltim
753 3146 944 3208 illustrissimi
964 3147 1130 3214 institutum
1151 3163 1181 3216 et

288 3253 327 3313 ad
345 3271 504 3312 numerum
520 3251 582 3310 433
598 3248 751 3312 sociorum
762 3245 834 3324 ²⁶⁰)
859 3248 1030 3312 successive
1050 3257 1179 3326 auctum,

289 3355 319 3413 6.
336 3352 418 3414 Nov.
440 3357 594 3429 satagente
616 3349 754 3428 Augusto
782 3347 916 3428 principe
943 3358 973 3410 et
999 3349 1072 3410 hero
1100 3367 1178 3424 meo,

288 3471 461 3532 nomenque
484 3450 588 3530 accepi
612 3448 730 3510 Fracidi
756 3447 843 3510 senio
865 3467 931 3512 meo
959 3459 989 3512 et
1013 3447 1080 3510 rudi
1105 3468 1180 3514 oon·

288 3553 428 3624 veniens,
456 3571 525 3612 corn
546 3548 720 3610 eorblemate
741 3547 838 3610 Musei
861 3549 984 3612 edoctae
1005 3547 1106 3612 arbori
1126 3551 1179 3614 ad·
