<?xml version="1.0" encoding="UTF-8"?>
<!DOCTYPE html PUBLIC "-//W3C//DTD XHTML 1.0 Transitional//EN"
    "http://www.w3.org/TR/xhtml1/DTD/xhtml1-transitional.dtd">
<html xmlns="http://www.w3.org/1999/xhtml" xml:lang="en" lang="en">
 <head>
  <title>
</title>
<meta http-equiv="Content-Type" content="text/html;charset=utf-8" />
  <meta name='ocr-system' content='tesseract 3.04.00' />
  <meta name='ocr-capabilities' content='ocr_page ocr_carea ocr_par ocr_line ocrx_word'/>
</head>
<body>
  <div class='ocr_page' id='page_1' title='image "./ioannisvalentin00andrgoog_0165.png"; bbox 0 0 3025 4409; ppageno 0'>
   <div class='ocr_carea' id='block_1_1' title="bbox 343 491 1199 578">
    <p class='ocr_par' dir='ltr' id='par_1_1' title="bbox 343 491 1199 578">
     <span class='ocr_line' id='line_1_1' title="bbox 343 491 1199 578; baseline 0.009 -34"><span class='ocrx_word' id='word_1_1' title='bbox 343 491 456 545; x_wconf 89' lang='lat' dir='ltr'>Besoldi</span> <span class='ocrx_word' id='word_1_2' title='bbox 474 499 502 546; x_wconf 88' lang='lat' dir='ltr'>et</span> <span class='ocrx_word' id='word_1_3' title='bbox 518 491 724 578; x_wconf 83' lang='lat' dir='ltr'>Francomontii</span> <span class='ocrx_word' id='word_1_4' title='bbox 740 493 776 545; x_wconf 83' lang='lat' dir='ltr'>ad</span> <span class='ocrx_word' id='word_1_5' title='bbox 787 492 948 563; x_wconf 81' lang='lat' dir='ltr'>pontificios</span> <span class='ocrx_word' id='word_1_6' title='bbox 965 495 1103 550; x_wconf 75' lang='lat' dir='ltr'>decessus.</span> <span class='ocrx_word' id='word_1_7' title='bbox 1139 503 1199 563; x_wconf 71' lang='lat'>155</span> 
     </span>
    </p>
   </div>
   <div class='ocr_carea' id='block_1_2' title="bbox 280 647 1198 3657">
    <p class='ocr_par' dir='ltr' id='par_1_2' title="bbox 280 647 1198 3657">
     <span class='ocr_line' id='line_1_2' title="bbox 301 647 1198 732; baseline 0.008 -24"><span class='ocrx_word' id='word_1_8' title='bbox 301 647 481 728; x_wconf 78' lang='lat' dir='ltr'>direptionis</span> <span class='ocrx_word' id='word_1_9' title='bbox 501 652 624 710; x_wconf 90' lang='lat' dir='ltr'>modum</span> <span class='ocrx_word' id='word_1_10' title='bbox 644 647 761 710; x_wconf 90' lang='lat' dir='ltr'>nullum</span> <span class='ocrx_word' id='word_1_11' title='bbox 781 647 869 723; x_wconf 88' lang='lat' dir='ltr'>vidit,</span> <span class='ocrx_word' id='word_1_12' title='bbox 899 649 1038 711; x_wconf 88' lang='lat' dir='ltr'>omuibus</span> <span class='ocrx_word' id='word_1_13' title='bbox 1060 652 1089 712; x_wconf 91' lang='lat' dir='ltr'>in</span> <span class='ocrx_word' id='word_1_14' title='bbox 1110 673 1198 732; x_wconf 89' lang='lat' dir='ltr'>prae-</span> 
     </span>
     <span class='ocr_line' id='line_1_3' title="bbox 300 748 1197 829; baseline 0.006 -19"><span class='ocrx_word' id='word_1_15' title='bbox 300 750 368 810; x_wconf 87' lang='lat' dir='ltr'>dam</span> <span class='ocrx_word' id='word_1_16' title='bbox 388 756 459 829; x_wconf 90' lang='lat' dir='ltr'>post</span> <span class='ocrx_word' id='word_1_17' title='bbox 471 768 504 809; x_wconf 91' lang='lat' dir='ltr'>se</span> <span class='ocrx_word' id='word_1_18' title='bbox 520 749 606 825; x_wconf 87' lang='lat' dir='ltr'>datis,</span> <span class='ocrx_word' id='word_1_19' title='bbox 622 750 824 818; x_wconf 78' lang='lat' dir='ltr'>Botowariam</span> <span class='ocrx_word' id='word_1_20' title='bbox 836 748 844 782; x_wconf 90' lang='lat'>¹</span> <span class='ocrx_word' id='word_1_21' title='bbox 855 749 906 826; x_wconf 71' lang='lat'>⁴⁶)</span> <span class='ocrx_word' id='word_1_22' title='bbox 928 751 966 810; x_wconf 92' lang='lat' dir='ltr'>ad</span> <span class='ocrx_word' id='word_1_23' title='bbox 983 769 1127 829; x_wconf 76' lang='lat' dir='ltr'>generum</span> <span class='ocrx_word' id='word_1_24' title='bbox 1146 775 1197 815; x_wconf 93' lang='lat' dir='ltr'>ur-</span> 
     </span>
     <span class='ocr_line' id='line_1_4' title="bbox 298 848 1197 930; baseline 0.007 -20"><span class='ocrx_word' id='word_1_25' title='bbox 298 851 347 912; x_wconf 86' lang='lat' dir='ltr'>bis</span> <span class='ocrx_word' id='word_1_26' title='bbox 367 858 521 930; x_wconf 81' lang='lat' dir='ltr'>pastorem</span> <span class='ocrx_word' id='word_1_27' title='bbox 542 871 576 911; x_wconf 89' lang='lat' dir='ltr'>se</span> <span class='ocrx_word' id='word_1_28' title='bbox 597 850 720 929; x_wconf 78' lang='lat' dir='ltr'>recepit,</span> <span class='ocrx_word' id='word_1_29' title='bbox 740 848 793 910; x_wconf 94' lang='lat' dir='ltr'>ubi</span> <span class='ocrx_word' id='word_1_30' title='bbox 810 848 954 910; x_wconf 82' lang='lat' dir='ltr'>exhausta</span> <span class='ocrx_word' id='word_1_31' title='bbox 976 851 1092 928; x_wconf 85' lang='lat' dir='ltr'>placide</span> <span class='ocrx_word' id='word_1_32' title='bbox 1106 855 1197 917; x_wconf 84' lang='lat' dir='ltr'>vitam</span> 
     </span>
     <span class='ocr_line' id='line_1_5' title="bbox 299 949 1196 1034; baseline 0.004 -22"><span class='ocrx_word' id='word_1_33' title='bbox 299 952 443 1012; x_wconf 88' lang='lat' dir='ltr'>decenter</span> <span class='ocrx_word' id='word_1_34' title='bbox 458 958 489 1011; x_wconf 90' lang='lat' dir='ltr'>et</span> <span class='ocrx_word' id='word_1_35' title='bbox 503 950 667 1012; x_wconf 76' lang='lat' dir='ltr'>liberaliter</span> <span class='ocrx_word' id='word_1_36' title='bbox 682 958 777 1010; x_wconf 76' lang='lat' dir='ltr'>acmm</span> <span class='ocrx_word' id='word_1_37' title='bbox 790 949 911 1012; x_wconf 84' lang='lat' dir='ltr'>Christo</span> <span class='ocrx_word' id='word_1_38' title='bbox 924 951 1052 1014; x_wconf 85' lang='lat' dir='ltr'>reddidit</span> <span class='ocrx_word' id='word_1_39' title='bbox 1065 954 1196 1034; x_wconf 54' lang='grc' dir='ltr'>Ἄδερι,</span> 
     </span>
     <span class='ocr_line' id='line_1_6' title="bbox 299 1050 1198 1132; baseline 0.003 -19"><span class='ocrx_word' id='word_1_40' title='bbox 299 1059 397 1113; x_wconf 89' lang='lat' dir='ltr'>aetate</span> <span class='ocrx_word' id='word_1_41' title='bbox 417 1052 660 1132; x_wconf 84' lang='lat' dir='ltr'>septuagenaria,</span> <span class='ocrx_word' id='word_1_42' title='bbox 681 1059 773 1131; x_wconf 84' lang='lat' dir='ltr'>atque</span> <span class='ocrx_word' id='word_1_43' title='bbox 794 1050 881 1111; x_wconf 91' lang='lat' dir='ltr'>simul</span> <span class='ocrx_word' id='word_1_44' title='bbox 903 1052 1045 1132; x_wconf 89' lang='lat' dir='ltr'>quicquid</span> <span class='ocrx_word' id='word_1_45' title='bbox 1066 1061 1198 1116; x_wconf 88' lang='lat' dir='ltr'>terrena-</span> 
     </span>
     <span class='ocr_line' id='line_1_7' title="bbox 299 1151 1196 1234; baseline 0.002 -19"><span class='ocrx_word' id='word_1_46' title='bbox 299 1173 367 1215; x_wconf 88' lang='lat' dir='ltr'>rum</span> <span class='ocrx_word' id='word_1_47' title='bbox 388 1152 622 1215; x_wconf 85' lang='lat' dir='ltr'>substantiarum</span> <span class='ocrx_word' id='word_1_48' title='bbox 642 1151 732 1213; x_wconf 90' lang='lat' dir='ltr'>nobis</span> <span class='ocrx_word' id='word_1_49' title='bbox 750 1151 907 1230; x_wconf 85' lang='lat' dir='ltr'>superfuit,</span> <span class='ocrx_word' id='word_1_50' title='bbox 928 1153 1057 1232; x_wconf 84' lang='lat' dir='ltr'>proximi</span> <span class='ocrx_word' id='word_1_51' title='bbox 1078 1156 1196 1234; x_wconf 84' lang='lat' dir='ltr'>saugui-</span> 
     </span>
     <span class='ocr_line' id='line_1_8' title="bbox 299 1251 1197 1332; baseline 0.004 -18"><span class='ocrx_word' id='word_1_52' title='bbox 299 1254 346 1314; x_wconf 89' lang='lat' dir='ltr'>nis</span> <span class='ocrx_word' id='word_1_53' title='bbox 367 1252 549 1332; x_wconf 78' lang='lat' dir='ltr'>malignitate</span> <span class='ocrx_word' id='word_1_54' title='bbox 568 1252 688 1313; x_wconf 86' lang='lat' dir='ltr'>interiit.</span> <span class='ocrx_word' id='word_1_55' title='bbox 724 1251 865 1313; x_wconf 88' lang='lat' dir='ltr'>Omnium</span> <span class='ocrx_word' id='word_1_56' title='bbox 885 1251 1108 1316; x_wconf 87' lang='lat' dir='ltr'>luctuosissima</span> <span class='ocrx_word' id='word_1_57' title='bbox 1127 1257 1197 1318; x_wconf 79' lang='lat' dir='ltr'>mili</span> 
     </span>
     <span class='ocr_line' id='line_1_9' title="bbox 299 1351 1197 1432; baseline 0.004 -17"><span class='ocrx_word' id='word_1_58' title='bbox 299 1354 390 1415; x_wconf 88' lang='lat' dir='ltr'>debet</span> <span class='ocrx_word' id='word_1_59' title='bbox 415 1371 484 1415; x_wconf 88' lang='lat' dir='ltr'>esse</span> <span class='ocrx_word' id='word_1_60' title='bbox 509 1370 592 1412; x_wconf 90' lang='lat' dir='ltr'>mors</span> <span class='ocrx_word' id='word_1_61' title='bbox 619 1351 744 1412; x_wconf 88' lang='lat' dir='ltr'>Besoldi</span> <span class='ocrx_word' id='word_1_62' title='bbox 771 1351 948 1432; x_wconf 89' lang='lat' dir='ltr'>spiritualis,</span> <span class='ocrx_word' id='word_1_63' title='bbox 973 1353 1037 1415; x_wconf 85' lang='lat' dir='ltr'>sive</span> <span class='ocrx_word' id='word_1_64' title='bbox 1064 1375 1081 1416; x_wconf 90' lang='lat' dir='ltr'>a</span> <span class='ocrx_word' id='word_1_65' title='bbox 1108 1358 1197 1420; x_wconf 89' lang='lat' dir='ltr'>uobis</span> 
     </span>
     <span class='ocr_line' id='line_1_10' title="bbox 299 1452 1195 1535; baseline 0.002 -19"><span class='ocrx_word' id='word_1_66' title='bbox 299 1455 330 1516; x_wconf 92' lang='lat' dir='ltr'>in</span> <span class='ocrx_word' id='word_1_67' title='bbox 351 1454 499 1535; x_wconf 83' lang='lat' dir='ltr'>religione</span> <span class='ocrx_word' id='word_1_68' title='bbox 518 1452 556 1512; x_wconf 90' lang='lat' dir='ltr'>ad</span> <span class='ocrx_word' id='word_1_69' title='bbox 576 1452 749 1531; x_wconf 80' lang='lat' dir='ltr'>pontificios</span> <span class='ocrx_word' id='word_1_70' title='bbox 771 1453 933 1530; x_wconf 85' lang='lat' dir='ltr'>discessus,</span> <span class='ocrx_word' id='word_1_71' title='bbox 954 1454 1011 1515; x_wconf 92' lang='lat' dir='ltr'>viri</span> <span class='ocrx_word' id='word_1_72' title='bbox 1025 1475 1116 1535; x_wconf 91' lang='lat' dir='ltr'>supra</span> <span class='ocrx_word' id='word_1_73' title='bbox 1130 1477 1195 1519; x_wconf 89' lang='lat' dir='ltr'>om-</span> 
     </span>
     <span class='ocr_line' id='line_1_11' title="bbox 300 1553 1195 1631; baseline 0.006 -14"><span class='ocrx_word' id='word_1_74' title='bbox 300 1575 355 1617; x_wconf 88' lang='lat' dir='ltr'>nes</span> <span class='ocrx_word' id='word_1_75' title='bbox 380 1554 522 1616; x_wconf 85' lang='lat' dir='ltr'>mortales</span> <span class='ocrx_word' id='word_1_76' title='bbox 551 1554 590 1613; x_wconf 92' lang='lat' dir='ltr'>de</span> <span class='ocrx_word' id='word_1_77' title='bbox 617 1573 665 1614; x_wconf 90' lang='lat' dir='ltr'>me</span> <span class='ocrx_word' id='word_1_78' title='bbox 691 1553 846 1631; x_wconf 85' lang='lat' dir='ltr'>praeclare</span> <span class='ocrx_word' id='word_1_79' title='bbox 873 1553 984 1628; x_wconf 88' lang='lat' dir='ltr'>meriti,</span> <span class='ocrx_word' id='word_1_80' title='bbox 1012 1563 1130 1618; x_wconf 83' lang='lat' dir='ltr'>caetera</span> <span class='ocrx_word' id='word_1_81' title='bbox 1156 1579 1195 1622; x_wconf 86' lang='lat' dir='ltr'>ne</span> 
     </span>
     <span class='ocr_line' id='line_1_12' title="bbox 300 1653 1195 1738; baseline 0.003 -20"><span class='ocrx_word' id='word_1_82' title='bbox 300 1657 373 1738; x_wconf 89' lang='lat' dir='ltr'>quid</span> <span class='ocrx_word' id='word_1_83' title='bbox 400 1654 598 1727; x_wconf 88' lang='lat' dir='ltr'>dissimulem,</span> <span class='ocrx_word' id='word_1_84' title='bbox 623 1673 776 1734; x_wconf 85' lang='lat' dir='ltr'>nunquam</span> <span class='ocrx_word' id='word_1_85' title='bbox 804 1653 861 1715; x_wconf 90' lang='lat' dir='ltr'>sibi</span> <span class='ocrx_word' id='word_1_86' title='bbox 889 1653 919 1714; x_wconf 90' lang='lat' dir='ltr'>iu</span> <span class='ocrx_word' id='word_1_87' title='bbox 948 1653 1094 1733; x_wconf 79' lang='lat' dir='ltr'>religione</span> <span class='ocrx_word' id='word_1_88' title='bbox 1120 1679 1195 1722; x_wconf 92' lang='lat' dir='ltr'>con-</span> 
     </span>
     <span class='ocr_line' id='line_1_13' title="bbox 300 1753 1194 1834; baseline 0.004 -16"><span class='ocrx_word' id='word_1_89' title='bbox 300 1756 502 1834; x_wconf 64' lang='lat' dir='ltr'>sanctem),</span> <span class='ocrx_word' id='word_1_90' title='bbox 529 1755 583 1816; x_wconf 88' lang='lat' dir='ltr'>sed</span> <span class='ocrx_word' id='word_1_91' title='bbox 605 1773 643 1815; x_wconf 91' lang='lat' dir='ltr'>ex</span> <span class='ocrx_word' id='word_1_92' title='bbox 669 1753 826 1832; x_wconf 86' lang='lat' dir='ltr'>multiplici</span> <span class='ocrx_word' id='word_1_93' title='bbox 852 1754 999 1816; x_wconf 85' lang='lat' dir='ltr'>variarum</span> <span class='ocrx_word' id='word_1_94' title='bbox 1031 1762 1194 1822; x_wconf 86' lang='lat' dir='ltr'>sententia-</span> 
     </span>
     <span class='ocr_line' id='line_1_14' title="bbox 301 1853 1194 1938; baseline 0.002 -18"><span class='ocrx_word' id='word_1_95' title='bbox 301 1879 367 1920; x_wconf 91' lang='lat' dir='ltr'>rum</span> <span class='ocrx_word' id='word_1_96' title='bbox 383 1858 514 1920; x_wconf 87' lang='lat' dir='ltr'>lectione</span> <span class='ocrx_word' id='word_1_97' title='bbox 527 1874 596 1917; x_wconf 82' lang='lat' dir='ltr'>sese</span> <span class='ocrx_word' id='word_1_98' title='bbox 618 1853 791 1916; x_wconf 84' lang='lat' dir='ltr'>volutantis.</span> <span class='ocrx_word' id='word_1_99' title='bbox 824 1855 894 1932; x_wconf 88' lang='lat' dir='ltr'>Qui,</span> <span class='ocrx_word' id='word_1_100' title='bbox 915 1863 967 1917; x_wconf 92' lang='lat' dir='ltr'>aut</span> <span class='ocrx_word' id='word_1_101' title='bbox 986 1856 1074 1918; x_wconf 83' lang='lat' dir='ltr'>valdo</span> <span class='ocrx_word' id='word_1_102' title='bbox 1096 1860 1194 1938; x_wconf 78' lang='lat' dir='ltr'>fallor,</span> 
     </span>
     <span class='ocr_line' id='line_1_15' title="bbox 299 1953 1194 2035; baseline 0.002 -15"><span class='ocrx_word' id='word_1_103' title='bbox 299 1978 358 2020; x_wconf 88' lang='lat' dir='ltr'>nec</span> <span class='ocrx_word' id='word_1_104' title='bbox 377 1959 409 2019; x_wconf 90' lang='lat' dir='ltr'>in</span> <span class='ocrx_word' id='word_1_105' title='bbox 431 1958 476 2020; x_wconf 80' lang='lat' dir='ltr'>lis</span> <span class='ocrx_word' id='word_1_106' title='bbox 496 1956 603 2018; x_wconf 86' lang='lat' dir='ltr'>castris</span> <span class='ocrx_word' id='word_1_107' title='bbox 622 1954 758 2029; x_wconf 84' lang='lat' dir='ltr'>habebit,</span> <span class='ocrx_word' id='word_1_108' title='bbox 779 1953 832 2015; x_wconf 92' lang='lat' dir='ltr'>nbi</span> <span class='ocrx_word' id='word_1_109' title='bbox 852 1955 1032 2035; x_wconf 84' lang='lat' dir='ltr'>acquiescat,</span> <span class='ocrx_word' id='word_1_110' title='bbox 1053 1959 1105 2019; x_wconf 93' lang='lat' dir='ltr'>ubi</span> <span class='ocrx_word' id='word_1_111' title='bbox 1126 1980 1194 2022; x_wconf 90' lang='lat' dir='ltr'>ver-</span> 
     </span>
     <span class='ocr_line' id='line_1_16' title="bbox 299 2054 1195 2139; baseline 0.001 -17"><span class='ocrx_word' id='word_1_112' title='bbox 299 2061 408 2122; x_wconf 89' lang='lat' dir='ltr'>borum</span> <span class='ocrx_word' id='word_1_113' title='bbox 428 2058 581 2139; x_wconf 89' lang='lat' dir='ltr'>accepisse</span> <span class='ocrx_word' id='word_1_114' title='bbox 601 2056 777 2137; x_wconf 89' lang='lat' dir='ltr'>plurimum,</span> <span class='ocrx_word' id='word_1_115' title='bbox 805 2054 849 2116; x_wconf 88' lang='lat' dir='ltr'>rei</span> <span class='ocrx_word' id='word_1_116' title='bbox 870 2054 920 2115; x_wconf 88' lang='lat' dir='ltr'>vix</span> <span class='ocrx_word' id='word_1_117' title='bbox 941 2056 1075 2119; x_wconf 89' lang='lat' dir='ltr'>umbram</span> <span class='ocrx_word' id='word_1_118' title='bbox 1096 2061 1195 2139; x_wconf 87' lang='lat' dir='ltr'>possi-</span> 
     </span>
     <span class='ocr_line' id='line_1_17' title="bbox 299 2156 1195 2242; baseline 0.007 -22"><span class='ocrx_word' id='word_1_119' title='bbox 299 2161 373 2221; x_wconf 90' lang='lat' dir='ltr'>dere</span> <span class='ocrx_word' id='word_1_120' title='bbox 392 2158 642 2221; x_wconf 86' lang='lat' dir='ltr'>animadverterit.</span> <span class='ocrx_word' id='word_1_121' title='bbox 678 2156 776 2234; x_wconf 83' lang='lat' dir='ltr'>Ejecit</span> <span class='ocrx_word' id='word_1_122' title='bbox 795 2165 894 2218; x_wconf 87' lang='lat' dir='ltr'>autem</span> <span class='ocrx_word' id='word_1_123' title='bbox 910 2157 973 2234; x_wconf 86' lang='lat' dir='ltr'>jam</span> <span class='ocrx_word' id='word_1_124' title='bbox 994 2158 1195 2242; x_wconf 82' lang='lat' dir='ltr'>fluctuantem,</span> 
     </span>
     <span class='ocr_line' id='line_1_18' title="bbox 299 2257 1194 2342; baseline 0.003 -19"><span class='ocrx_word' id='word_1_125' title='bbox 299 2262 327 2323; x_wconf 89' lang='lat' dir='ltr'>si</span> <span class='ocrx_word' id='word_1_126' title='bbox 341 2261 476 2324; x_wconf 82' lang='lat' dir='ltr'>divinare</span> <span class='ocrx_word' id='word_1_127' title='bbox 492 2261 571 2334; x_wconf 76' lang='lat' dir='ltr'>licet,</span> <span class='ocrx_word' id='word_1_128' title='bbox 593 2262 630 2321; x_wconf 89' lang='lat' dir='ltr'>D.</span> <span class='ocrx_word' id='word_1_129' title='bbox 640 2257 788 2319; x_wconf 79' lang='lat' dir='ltr'>&#39;l&#39;lrummii</span> <span class='ocrx_word' id='word_1_130' title='bbox 809 2258 1016 2338; x_wconf 79' lang='lat' dir='ltr'>importunitas</span> <span class='ocrx_word' id='word_1_131' title='bbox 1037 2267 1067 2322; x_wconf 88' lang='lat' dir='ltr'>et</span> <span class='ocrx_word' id='word_1_132' title='bbox 1087 2279 1194 2342; x_wconf 86' lang='lat' dir='ltr'>super-</span> 
     </span>
     <span class='ocr_line' id='line_1_19' title="bbox 300 2359 1195 2442; baseline 0.003 -18"><span class='ocrx_word' id='word_1_133' title='bbox 300 2363 415 2439; x_wconf 84' lang='lat' dir='ltr'>cilium,</span> <span class='ocrx_word' id='word_1_134' title='bbox 442 2370 474 2424; x_wconf 90' lang='lat' dir='ltr'>et</span> <span class='ocrx_word' id='word_1_135' title='bbox 493 2360 712 2424; x_wconf 88' lang='lat' dir='ltr'>succolantium</span> <span class='ocrx_word' id='word_1_136' title='bbox 733 2359 761 2420; x_wconf 85' lang='lat' dir='ltr'>ei</span> <span class='ocrx_word' id='word_1_137' title='bbox 786 2366 957 2439; x_wconf 76' lang='lat' dir='ltr'>togatorum</span> <span class='ocrx_word' id='word_1_138' title='bbox 977 2361 1195 2442; x_wconf 85' lang='lat' dir='ltr'>mancipiorum</span> 
     </span>
     <span class='ocr_line' id='line_1_20' title="bbox 299 2461 1194 2538; baseline 0.004 -15"><span class='ocrx_word' id='word_1_139' title='bbox 299 2462 457 2537; x_wconf 85' lang='lat' dir='ltr'>vecordia,</span> <span class='ocrx_word' id='word_1_140' title='bbox 479 2469 512 2523; x_wconf 91' lang='lat' dir='ltr'>ut</span> <span class='ocrx_word' id='word_1_141' title='bbox 529 2463 600 2524; x_wconf 90' lang='lat' dir='ltr'>dum</span> <span class='ocrx_word' id='word_1_142' title='bbox 621 2469 744 2524; x_wconf 88' lang='lat' dir='ltr'>nostros</span> <span class='ocrx_word' id='word_1_143' title='bbox 766 2461 839 2523; x_wconf 86' lang='lat' dir='ltr'>vitat</span> <span class='ocrx_word' id='word_1_144' title='bbox 859 2468 890 2523; x_wconf 91' lang='lat' dir='ltr'>et</span> <span class='ocrx_word' id='word_1_145' title='bbox 910 2461 988 2538; x_wconf 90' lang='lat' dir='ltr'>odit,</span> <span class='ocrx_word' id='word_1_146' title='bbox 1014 2461 1045 2523; x_wconf 94' lang='lat' dir='ltr'>in</span> <span class='ocrx_word' id='word_1_147' title='bbox 1065 2463 1194 2526; x_wconf 86' lang='lat' dir='ltr'>aliorum</span> 
     </span>
     <span class='ocr_line' id='line_1_21' title="bbox 301 2549 1195 2628; baseline 0.003 -4"><span class='ocrx_word' id='word_1_148' title='bbox 301 2563 423 2624; x_wconf 82' lang='lat' dir='ltr'>iusidias</span> <span class='ocrx_word' id='word_1_149' title='bbox 457 2571 489 2624; x_wconf 89' lang='lat' dir='ltr'>et</span> <span class='ocrx_word' id='word_1_150' title='bbox 514 2583 616 2626; x_wconf 84' lang='lat' dir='ltr'>casses</span> <span class='ocrx_word' id='word_1_151' title='bbox 646 2566 737 2624; x_wconf 87' lang='lat' dir='ltr'>homo</span> <span class='ocrx_word' id='word_1_152' title='bbox 767 2562 886 2624; x_wconf 85' lang='lat' dir='ltr'>urinime</span> <span class='ocrx_word' id='word_1_153' title='bbox 912 2549 1018 2624; x_wconf 88' lang='lat' dir='ltr'>cautus</span> <span class='ocrx_word' id='word_1_154' title='bbox 1050 2563 1195 2628; x_wconf 84' lang='lat' dir='ltr'>inciderit</span> 
     </span>
     <span class='ocr_line' id='line_1_22' title="bbox 301 2661 1195 2744; baseline 0.001 -18"><span class='ocrx_word' id='word_1_155' title='bbox 301 2667 399 2742; x_wconf 83' lang='lat' dir='ltr'>Quem</span> <span class='ocrx_word' id='word_1_156' title='bbox 425 2666 509 2726; x_wconf 89' lang='lat' dir='ltr'>Deus</span> <span class='ocrx_word' id='word_1_157' title='bbox 535 2665 643 2744; x_wconf 89' lang='lat' dir='ltr'>eripiat</span> <span class='ocrx_word' id='word_1_158' title='bbox 683 2672 713 2725; x_wconf 90' lang='lat' dir='ltr'>et</span> <span class='ocrx_word' id='word_1_159' title='bbox 744 2661 929 2742; x_wconf 88' lang='lat' dir='ltr'>postliminio</span> <span class='ocrx_word' id='word_1_160' title='bbox 958 2662 1046 2723; x_wconf 89' lang='lat' dir='ltr'>nobis</span> <span class='ocrx_word' id='word_1_161' title='bbox 1074 2664 1195 2727; x_wconf 89' lang='lat' dir='ltr'>reddat!</span> 
     </span>
     <span class='ocr_line' id='line_1_23' title="bbox 300 2763 1198 2846; baseline 0.001 -20"><span class='ocrx_word' id='word_1_162' title='bbox 300 2767 341 2826; x_wconf 78' lang='lat' dir='ltr'>At</span> <span class='ocrx_word' id='word_1_163' title='bbox 361 2765 461 2844; x_wconf 88' lang='lat' dir='ltr'>potius</span> <span class='ocrx_word' id='word_1_164' title='bbox 481 2765 542 2827; x_wconf 86' lang='lat' dir='ltr'>alio</span> <span class='ocrx_word' id='word_1_165' title='bbox 562 2773 699 2845; x_wconf 90' lang='lat' dir='ltr'>tempore</span> <span class='ocrx_word' id='word_1_166' title='bbox 719 2785 810 2846; x_wconf 86' lang='lat' dir='ltr'>quam</span> <span class='ocrx_word' id='word_1_167' title='bbox 830 2763 888 2825; x_wconf 91' lang='lat' dir='ltr'>sub</span> <span class='ocrx_word' id='word_1_168' title='bbox 907 2763 1021 2843; x_wconf 81' lang='lat' dir='ltr'>patriae</span> <span class='ocrx_word' id='word_1_169' title='bbox 1042 2764 1133 2826; x_wconf 85' lang='lat' dir='ltr'>latum</span> <span class='ocrx_word' id='word_1_170' title='bbox 1151 2765 1198 2827; x_wconf 78' lang='lat' dir='ltr'>di-</span> 
     </span>
     <span class='ocr_line' id='line_1_24' title="bbox 299 2863 1197 2943; baseline 0.002 -15"><span class='ocrx_word' id='word_1_171' title='bbox 299 2866 472 2943; x_wconf 87' lang='lat' dir='ltr'>scessisset,</span> <span class='ocrx_word' id='word_1_172' title='bbox 492 2885 533 2929; x_wconf 90' lang='lat' dir='ltr'>ne</span> <span class='ocrx_word' id='word_1_173' title='bbox 551 2886 621 2929; x_wconf 87' lang='lat' dir='ltr'>cum</span> <span class='ocrx_word' id='word_1_174' title='bbox 641 2867 764 2928; x_wconf 76' lang='lat' dir='ltr'>fortuna</span> <span class='ocrx_word' id='word_1_175' title='bbox 775 2866 867 2928; x_wconf 86' lang='lat' dir='ltr'>fidem</span> <span class='ocrx_word' id='word_1_176' title='bbox 882 2863 970 2926; x_wconf 77' lang='lat' dir='ltr'>etium</span> <span class='ocrx_word' id='word_1_177' title='bbox 985 2873 1116 2928; x_wconf 78' lang='lat' dir='ltr'>mutasse</span> <span class='ocrx_word' id='word_1_178' title='bbox 1131 2866 1197 2930; x_wconf 87' lang='lat' dir='ltr'>aliis</span> 
     </span>
     <span class='ocr_line' id='line_1_25' title="bbox 299 2965 1196 3047; baseline 0.002 -19"><span class='ocrx_word' id='word_1_179' title='bbox 299 2969 448 3030; x_wconf 86' lang='lat' dir='ltr'>credatur.</span> <span class='ocrx_word' id='word_1_180' title='bbox 480 2967 609 3029; x_wconf 83' lang='lat' dir='ltr'>Minoris</span> <span class='ocrx_word' id='word_1_181' title='bbox 629 2967 772 3029; x_wconf 88' lang='lat' dir='ltr'>momenti</span> <span class='ocrx_word' id='word_1_182' title='bbox 792 2968 871 3047; x_wconf 90' lang='lat' dir='ltr'>apud</span> <span class='ocrx_word' id='word_1_183' title='bbox 892 2987 940 3028; x_wconf 89' lang='lat' dir='ltr'>me</span> <span class='ocrx_word' id='word_1_184' title='bbox 957 2965 1088 3029; x_wconf 78' lang='lat' dir='ltr'>Beronis</span> <span class='ocrx_word' id='word_1_185' title='bbox 1102 2967 1196 3030; x_wconf 81' lang='lat' dir='ltr'>Frau-</span> 
     </span>
     <span class='ocr_line' id='line_1_26' title="bbox 299 3068 1196 3150; baseline 0.002 -20"><span class='ocrx_word' id='word_1_186' title='bbox 299 3069 443 3131; x_wconf 88' lang='lat' dir='ltr'>comontii</span> <span class='ocrx_word' id='word_1_187' title='bbox 463 3069 614 3149; x_wconf 75' lang='lat' dir='ltr'>apostasia</span> <span class='ocrx_word' id='word_1_188' title='bbox 632 3069 702 3145; x_wconf 82' lang='lat' dir='ltr'>luit,</span> <span class='ocrx_word' id='word_1_189' title='bbox 729 3087 798 3130; x_wconf 89' lang='lat' dir='ltr'>eum</span> <span class='ocrx_word' id='word_1_190' title='bbox 819 3068 903 3150; x_wconf 88' lang='lat' dir='ltr'>quod</span> <span class='ocrx_word' id='word_1_191' title='bbox 923 3068 1196 3132; x_wconf 83' lang='lat' dir='ltr'>Schwencklcldia·</span> 
     </span>
     <span class='ocr_line' id='line_1_27' title="bbox 299 3169 1193 3252; baseline 0.004 -22"><span class='ocrx_word' id='word_1_192' title='bbox 299 3189 358 3231; x_wconf 89' lang='lat' dir='ltr'>nus</span> <span class='ocrx_word' id='word_1_193' title='bbox 385 3170 515 3250; x_wconf 90' lang='lat' dir='ltr'>polypus</span> <span class='ocrx_word' id='word_1_194' title='bbox 548 3171 660 3233; x_wconf 89' lang='lat' dir='ltr'>nullam</span> <span class='ocrx_word' id='word_1_195' title='bbox 686 3190 748 3232; x_wconf 87' lang='lat' dir='ltr'>non</span> <span class='ocrx_word' id='word_1_196' title='bbox 775 3171 880 3232; x_wconf 83' lang='lat' dir='ltr'>faciem</span> <span class='ocrx_word' id='word_1_197' title='bbox 906 3169 1016 3252; x_wconf 86' lang='lat' dir='ltr'>quovis</span> <span class='ocrx_word' id='word_1_198' title='bbox 1041 3178 1193 3234; x_wconf 84' lang='lat' dir='ltr'>momentu</span> 
     </span>
     <span class='ocr_line' id='line_1_28' title="bbox 299 3270 1195 3352; baseline 0.004 -22"><span class='ocrx_word' id='word_1_199' title='bbox 299 3270 416 3345; x_wconf 88' lang='lat' dir='ltr'>induat,</span> <span class='ocrx_word' id='word_1_200' title='bbox 445 3279 507 3331; x_wconf 88' lang='lat' dir='ltr'>tum</span> <span class='ocrx_word' id='word_1_201' title='bbox 536 3273 619 3352; x_wconf 87' lang='lat' dir='ltr'>quod</span> <span class='ocrx_word' id='word_1_202' title='bbox 635 3271 874 3352; x_wconf 78' lang='lat' dir='ltr'>deploratissimo</span> <span class='ocrx_word' id='word_1_203' title='bbox 893 3271 950 3334; x_wconf 91' lang='lat' dir='ltr'>viri</span> <span class='ocrx_word' id='word_1_204' title='bbox 964 3291 1032 3334; x_wconf 89' lang='lat' dir='ltr'>sors</span> <span class='ocrx_word' id='word_1_205' title='bbox 1049 3271 1195 3334; x_wconf 88' lang='lat' dir='ltr'>inanimo</span> 
     </span>
     <span class='ocr_line' id='line_1_29' title="bbox 280 3363 1194 3454; baseline 0.002 -23"><span class='ocrx_word' id='word_1_206' title='bbox 280 3363 422 3450; x_wconf 80' lang='lat' dir='ltr'>&#39;patienti</span> <span class='ocrx_word' id='word_1_207' title='bbox 448 3371 567 3452; x_wconf 89' lang='lat' dir='ltr'>quidem</span> <span class='ocrx_word' id='word_1_208' title='bbox 595 3384 626 3436; x_wconf 92' lang='lat' dir='ltr'>et</span> <span class='ocrx_word' id='word_1_209' title='bbox 651 3373 736 3434; x_wconf 86' lang='lat' dir='ltr'>malis</span> <span class='ocrx_word' id='word_1_210' title='bbox 762 3381 901 3450; x_wconf 86' lang='lat' dir='ltr'>assueto,</span> <span class='ocrx_word' id='word_1_211' title='bbox 928 3379 1072 3454; x_wconf 89' lang='lat' dir='ltr'>superato</span> <span class='ocrx_word' id='word_1_212' title='bbox 1098 3379 1194 3434; x_wconf 66' lang='lat' dir='ltr'>umen</span> 
     </span>
     <span class='ocr_line' id='line_1_30' title="bbox 300 3472 1194 3556; baseline 0.003 -23"><span class='ocrx_word' id='word_1_213' title='bbox 300 3480 331 3533; x_wconf 92' lang='lat' dir='ltr'>et</span> <span class='ocrx_word' id='word_1_214' title='bbox 350 3472 451 3533; x_wconf 88' lang='lat' dir='ltr'>attrito</span> <span class='ocrx_word' id='word_1_215' title='bbox 472 3473 711 3555; x_wconf 87' lang='lat' dir='ltr'>desperationem</span> <span class='ocrx_word' id='word_1_216' title='bbox 731 3475 843 3550; x_wconf 78' lang='lat' dir='ltr'>verine,</span> <span class='ocrx_word' id='word_1_217' title='bbox 865 3494 953 3556; x_wconf 86' lang='lat' dir='ltr'>quam</span> <span class='ocrx_word' id='word_1_218' title='bbox 974 3493 1107 3554; x_wconf 87' lang='lat' dir='ltr'>papauae</span> <span class='ocrx_word' id='word_1_219' title='bbox 1123 3473 1194 3536; x_wconf 89' lang='lat' dir='ltr'>reli-</span> 
     </span>
     <span class='ocr_line' id='line_1_31' title="bbox 304 3572 1195 3657; baseline 0.003 -23"><span class='ocrx_word' id='word_1_220' title='bbox 304 3572 400 3653; x_wconf 83' lang='lat' dir='ltr'>gionis</span> <span class='ocrx_word' id='word_1_221' title='bbox 416 3573 529 3637; x_wconf 89' lang='lat' dir='ltr'>cultum</span> <span class='ocrx_word' id='word_1_222' title='bbox 545 3576 715 3639; x_wconf 84' lang='lat' dir='ltr'>extorserit.</span> <span class='ocrx_word' id='word_1_223' title='bbox 748 3576 825 3638; x_wconf 84' lang='lat' dir='ltr'>Huic</span> <span class='ocrx_word' id='word_1_224' title='bbox 841 3575 866 3638; x_wconf 91' lang='lat' dir='ltr'>si</span> <span class='ocrx_word' id='word_1_225' title='bbox 881 3575 953 3657; x_wconf 82' lang='lat' dir='ltr'>quid</span> <span class='ocrx_word' id='word_1_226' title='bbox 969 3573 1075 3636; x_wconf 81' lang='lat' dir='ltr'>frontis</span> <span class='ocrx_word' id='word_1_227' title='bbox 1090 3575 1195 3657; x_wconf 79' lang='lat' dir='ltr'>quavis</span> 
     </span>
    </p>
   </div>
   <div class='ocr_carea' id='block_1_3' title="bbox 0 0 1518 4409">
    <p class='ocr_par' dir='ltr' id='par_1_3' title="bbox 0 0 1518 4409">
     <span class='ocr_line' id='line_1_32' title="bbox 0 0 1518 4409; baseline 0 1"><span class='ocrx_word' id='word_1_228' title='bbox 0 0 1518 4409; x_wconf 95' lang='lat' dir='ltr'> </span> 
     </span>
    </p>
   </div>
  </div>
 </body>
</html>
