3025 4409
463 505 562 562 Calvae
580 508 614 560 ab
632 507 712 560 hoste
729 505 836 558 deletae
853 504 1012 575 descriptio.
1124 511 1184 568 143

288 666 474 746 compositis,
496 665 578 745 qnod
600 663 656 724 sibi
678 662 857 742 compendio
879 662 973 722 hostis
987 661 1079 722 duxit.
1113 660 1182 721 Gal-

288 788 344 828 vae
366 787 449 827 meae
470 766 589 824 bustum
618 763 755 838 intuitus,
785 762 964 822 cadaverum
983 762 1101 823 urbium
1122 783 1183 822 non

286 878 347 945 ‚iam
363 870 476 947 primns
494 870 654 943 spectator,
671 863 808 944 equidem
824 865 974 938 exhorrui,
985 863 1183 924 multaanimo

290 971 417 1029 volvens
434 975 525 1046 atque
543 974 695 1043 reputans,
716 983 794 1044 qnae
818 963 918 1044 eloqui
933 963 963 1022 in
980 983 1123 1042 praesens
1140 965 1184 1023 ias

290 1092 352 1131 non
375 1079 428 1131 est.
472 1067 549 1127 illud
570 1085 642 1126 sarie
662 1065 710 1124 vel
730 1065 892 1144 praecipue
914 1065 1022 1140 doluit,
1054 1083 1101 1124 me
1123 1083 1184 1124 non

290 1192 398 1230 vanum
424 1176 522 1227 ratem
550 1165 630 1225 exitii
656 1163 771 1243 pridem
799 1167 905 1238 luisse,
936 1173 1003 1226 utut
1021 1167 1083 1241 jam
1106 1165 1185 1225 cala-

291 1273 398 1332 mitatis
425 1269 549 1329 socium.
597 1267 766 1326 Accedebat
792 1286 937 1327 occursus
964 1265 1064 1326 miseri
1089 1265 1187 1345 gregis

292 1374 370 1431 inter
396 1371 487 1442 focos
503 1376 533 1427 et
553 1367 683 1438 cineres,
710 1367 835 1446 opilioni
862 1375 961 1428 tamen
982 1387 1038 1428 suo
1061 1367 1187 1427 reditum

293 1481 324 1531 et
349 1474 437 1531 vitam
465 1489 533 1529 cum
560 1487 689 1545 corporo
716 1469 826 1529 solvam
856 1489 923 1528 curn
952 1468 1062 1544 ejulatu
1087 1475 1188 1546 gratu-

294 1572 391 1631 lantis.
432 1570 559 1629 Ruimns
586 1569 615 1627 in
645 1577 767 1629 mutuos
793 1569 963 1647 amplexuS,
989 1568 1048 1628 illis
1074 1575 1188 1628 lantum

294 1670 518 1744 cunctantibus,
545 1689 673 1749 qnorum
695 1671 809 1730 laribus
832 1669 913 1730 salus
934 1669 1054 1747 publica
1076 1669 1188 1728 confla-

293 1770 399 1849 gravit.
445 1771 512 1829 Jam
539 1777 744 1847 praecesserat
769 1771 862 1831 biduo
889 1768 1006 1848 collega
1033 1769 1189 1829 Zacharias

295 1871 454 1932 Greinsins
486 1880 517 1932 et
543 1872 608 1951 ipse
638 1872 814 1949 tempestive
841 1869 976 1948 periculo
1007 1875 1128 1947 ereptus
1154 1887 1190 1928 ac

297 1991 352 2050 per
367 1972 523 2032 intervalla
539 1973 627 2051 fugae
645 1991 756 2031 comes.
786 1972 872 2031 Unde
889 1971 1049 2031 matutinae
1066 1988 1189 2047 vesper-

296 2073 435 2153 tinaeque
455 2093 562 2152 preces
585 2071 684 2133 cultus
705 2072 797 2131 divini
818 2071 900 2132 initia
920 2072 1004 2132 fuere
1025 2071 1056 2130 in
1077 2069 1189 2131 sacello

294 2174 446 2253 quondam
468 2176 505 2236 D.
520 2172 698 2236 Sebastiano
720 2193 823 2248 sacro,
852 2173 905 2234 sed
925 2172 1034 2252 pietate
1054 2171 1121 2232 Joh.
1140 2171 1191 2230 Ja-

296 2274 367 2335 cobi
387 2275 618 2336 Doertenbachii
635 2293 672 2333 ex
689 2273 849 2335 ruderibus
866 2274 951 2354 quasi
967 2273 1105 2335 restituto
1123 2273 1190 2332 hae

296 2377 462 2455 rednmqne
470 2376 552 2436 Petri
561 2374 688 2434 Walteri
701 2374 844 2453 impensis
859 2381 977 2450 ornato,
998 2383 1088 2456 atque
1103 2395 1192 2454 prae-

297 2477 364 2554 sepi
384 2474 496 2537 Christi
517 2495 598 2536 anno
621 2477 711 2537 1627.
734 2478 784 2536 26.
803 2475 944 2536 Decemb.
966 2496 1022 2555 per
1041 2495 1089 2536 me
1110 2475 1194 2536 dedi-

297 2582 382 2651 cato,
412 2576 498 2636 nimis
524 2597 612 2656 qnam
640 2597 697 2654 pro
722 2576 920 2637 anhelantium
947 2577 1034 2638 turba
1054 2583 1191 2657 angusto,

291 2676 329 2736 ‘in
349 2695 459 2754 magno
480 2684 579 2738 tamen
599 2677 690 2738 rebus
712 2677 824 2737 uostris
843 2678 962 2739 arctatis
972 2677 1194 2740 misericordiae

300 2775 417 2836 divinae
436 2797 561 2840 accessu
579 2778 774 2839 numerando.
819 2777 896 2838 Nam
917 2797 984 2838 cum
1005 2778 1078 2838 urbs
1099 2795 1195 2857 quan-

299 2885 361 2937 tum
382 2878 539 2940 moenibus
559 2877 799 2939 circumdabatur
818 2884 1033 2957 praetereaque
1052 2875 1196 2938 suburbia

299 2978 370 3053 tria,
390 2979 508 3040 aedium
528 2979 559 3039 in
579 2978 752 3040 universum
774 2977 891 3038 circiter
912 2979 974 3038 45⁰
995 2977 1119 3039 dammis
1142 2978 1195 3038 de-

298 3084 384 3157 pasta
404 3079 524 3160 luisset:
552 3079 643 3138 aedes
664 3097 749 3137 sacra
770 3081 866 3156 maJ'or
887 3077 993 3139 civium
1015 3085 1104 3158 atque
1125 3098 1195 3157 per-

299 3197 465 3257 paucorum
483 3176 718 3258 promptitudine
734 3177 803 3256 plus
819 3179 999 3260 quinquenis
1010 3179 1194 3240 florenorum

299 3281 431 3342 millibus
450 3281 588 3368 ampliata
604 3286 634 3339 et
648 3286 764 3354 ornata,
786 3281 885 3341 minor
900 3286 985 3342 extra
1001 3279 1106 3340 urbem
1121 3297 1196 3340 coe-

300 3381 418 3442 miterio
432 3381 521 3442 insita
534 3387 564 3440 et
578 3377 713 3458 exequiis
727 3379 887 3455 destinata,
910 3381 1092 3455 senaculum,
1106 3397 1194 3458 prae-

300 3481 426 3557 torium,
454 3482 561 3543 domus
582 3479 784 3558 parochiales,
812 3480 949 3557 scholae,
976 3482 1194 3561 pharmacopo-

300 3582 373 3643 linm
410 3579 571 3644 Reinhardi
607 3580 768 3655 Jacobaei,
812 3580 948 3641 officinae
990 3579 1193 3654 mercatoriae,
