<?xml version="1.0" encoding="UTF-8"?>
<!DOCTYPE html PUBLIC "-//W3C//DTD XHTML 1.0 Transitional//EN"
    "http://www.w3.org/TR/xhtml1/DTD/xhtml1-transitional.dtd">
<html xmlns="http://www.w3.org/1999/xhtml" xml:lang="en" lang="en">
 <head>
  <title>
</title>
<meta http-equiv="Content-Type" content="text/html;charset=utf-8" />
  <meta name='ocr-system' content='tesseract 3.04.00' />
  <meta name='ocr-capabilities' content='ocr_page ocr_carea ocr_par ocr_line ocrx_word'/>
</head>
<body>
  <div class='ocr_page' id='page_1' title='image "./ioannisvalentin00andrgoog_0155.png"; bbox 0 0 3025 4409; ppageno 0'>
   <div class='ocr_carea' id='block_1_1' title="bbox 491 492 1206 569">
    <p class='ocr_par' dir='ltr' id='par_1_1' title="bbox 491 492 1206 569">
     <span class='ocr_line' id='line_1_1' title="bbox 491 492 1206 569; baseline 0.022 -22"><span class='ocrx_word' id='word_1_1' title='bbox 491 492 667 548; x_wconf 83' lang='lat' dir='ltr'>Bibliotheca</span> <span class='ocrx_word' id='word_1_2' title='bbox 684 494 827 547; x_wconf 81' lang='lat' dir='ltr'>Andreana</span> <span class='ocrx_word' id='word_1_3' title='bbox 845 500 960 550; x_wconf 87' lang='lat' dir='ltr'>servata.</span> <span class='ocrx_word' id='word_1_4' title='bbox 1118 503 1178 563; x_wconf 77' lang='lat' dir='ltr'>tto</span> <span class='ocrx_word' id='word_1_5' title='bbox 1204 565 1206 569; x_wconf 71' lang='grc'>,</span> 
     </span>
    </p>
   </div>
   <div class='ocr_carea' id='block_1_2' title="bbox 273 651 1188 3729">
    <p class='ocr_par' dir='ltr' id='par_1_2' title="bbox 273 651 1188 3729">
     <span class='ocr_line' id='line_1_2' title="bbox 275 651 1176 732; baseline 0.001 -21"><span class='ocrx_word' id='word_1_6' title='bbox 275 659 365 732; x_wconf 90' lang='lat' dir='ltr'>atque</span> <span class='ocrx_word' id='word_1_7' title='bbox 392 651 509 730; x_wconf 81' lang='lat' dir='ltr'>singula</span> <span class='ocrx_word' id='word_1_8' title='bbox 536 653 610 712; x_wconf 88' lang='lat' dir='ltr'>haec</span> <span class='ocrx_word' id='word_1_9' title='bbox 637 660 667 712; x_wconf 89' lang='lat' dir='ltr'>et</span> <span class='ocrx_word' id='word_1_10' title='bbox 693 651 744 711; x_wconf 92' lang='lat' dir='ltr'>illa</span> <span class='ocrx_word' id='word_1_11' title='bbox 770 652 801 711; x_wconf 92' lang='lat' dir='ltr'>in</span> <span class='ocrx_word' id='word_1_12' title='bbox 822 671 927 712; x_wconf 89' lang='lat' dir='ltr'>manus</span> <span class='ocrx_word' id='word_1_13' title='bbox 948 653 1006 712; x_wconf 85' lang='lat' dir='ltr'>Dei</span> <span class='ocrx_word' id='word_1_14' title='bbox 1027 651 1124 712; x_wconf 91' lang='lat' dir='ltr'>dantis</span> <span class='ocrx_word' id='word_1_15' title='bbox 1146 659 1176 712; x_wconf 90' lang='lat' dir='ltr'>et</span> 
     </span>
     <span class='ocr_line' id='line_1_3' title="bbox 273 751 1174 831; baseline 0 -19"><span class='ocrx_word' id='word_1_16' title='bbox 273 751 446 831; x_wconf 89' lang='lat' dir='ltr'>recipientis</span> <span class='ocrx_word' id='word_1_17' title='bbox 474 752 730 830; x_wconf 84' lang='lat' dir='ltr'>consignaverim‚</span> <span class='ocrx_word' id='word_1_18' title='bbox 755 771 872 812; x_wconf 89' lang='lat' dir='ltr'>memor</span> <span class='ocrx_word' id='word_1_19' title='bbox 898 751 969 813; x_wconf 91' lang='lat' dir='ltr'>olim</span> <span class='ocrx_word' id='word_1_20' title='bbox 994 753 1086 814; x_wconf 89' lang='lat' dir='ltr'>totins</span> <span class='ocrx_word' id='word_1_21' title='bbox 1108 754 1174 814; x_wconf 91' lang='lat' dir='ltr'>uni-</span> 
     </span>
     <span class='ocr_line' id='line_1_4' title="bbox 274 852 1174 932; baseline 0.004 -22"><span class='ocrx_word' id='word_1_22' title='bbox 274 852 355 912; x_wconf 89' lang='lat' dir='ltr'>versi</span> <span class='ocrx_word' id='word_1_23' title='bbox 381 852 412 911; x_wconf 93' lang='lat' dir='ltr'>in</span> <span class='ocrx_word' id='word_1_24' title='bbox 439 852 557 913; x_wconf 90' lang='lat' dir='ltr'>cineres</span> <span class='ocrx_word' id='word_1_25' title='bbox 584 853 755 932; x_wconf 85' lang='lat' dir='ltr'>redigendi,</span> <span class='ocrx_word' id='word_1_26' title='bbox 784 853 857 913; x_wconf 88' lang='lat' dir='ltr'>nolo</span> <span class='ocrx_word' id='word_1_27' title='bbox 881 871 917 912; x_wconf 90' lang='lat' dir='ltr'>ea</span> <span class='ocrx_word' id='word_1_28' title='bbox 937 853 974 912; x_wconf 91' lang='lat' dir='ltr'>de</span> <span class='ocrx_word' id='word_1_29' title='bbox 996 873 1029 913; x_wconf 90' lang='lat' dir='ltr'>re</span> <span class='ocrx_word' id='word_1_30' title='bbox 1049 855 1174 932; x_wconf 90' lang='lat' dir='ltr'>posthac</span> 
     </span>
     <span class='ocr_line' id='line_1_5' title="bbox 273 952 1174 1031; baseline 0.001 -18"><span class='ocrx_word' id='word_1_31' title='bbox 273 952 399 1013; x_wconf 89' lang='lat' dir='ltr'>verbum</span> <span class='ocrx_word' id='word_1_32' title='bbox 420 953 541 1012; x_wconf 79' lang='lat' dir='ltr'>addere.</span> <span class='ocrx_word' id='word_1_33' title='bbox 583 953 730 1031; x_wconf 84' lang='lat' dir='ltr'><strong>Superest</strong></span> <span class='ocrx_word' id='word_1_34' title='bbox 750 960 848 1014; x_wconf 88' lang='lat' dir='ltr'>tamen</span> <span class='ocrx_word' id='word_1_35' title='bbox 871 973 936 1013; x_wconf 90' lang='lat' dir='ltr'>mea</span> <span class='ocrx_word' id='word_1_36' title='bbox 957 973 1019 1014; x_wconf 93' lang='lat' dir='ltr'>non</span> <span class='ocrx_word' id='word_1_37' title='bbox 1040 961 1174 1014; x_wconf 88' lang='lat' dir='ltr'>contem-</span> 
     </span>
     <span class='ocr_line' id='line_1_6' title="bbox 273 1052 1173 1130; baseline 0 -16"><span class='ocrx_word' id='word_1_38' title='bbox 273 1054 373 1114; x_wconf 91' lang='lat' dir='ltr'>nenda</span> <span class='ocrx_word' id='word_1_39' title='bbox 392 1053 574 1114; x_wconf 83' lang='lat' dir='ltr'>bibliotheca</span> <span class='ocrx_word' id='word_1_40' title='bbox 595 1052 652 1114; x_wconf 88' lang='lat' dir='ltr'>sub</span> <span class='ocrx_word' id='word_1_41' title='bbox 673 1052 755 1112; x_wconf 84' lang='lat' dir='ltr'>aedis</span> <span class='ocrx_word' id='word_1_42' title='bbox 779 1073 882 1114; x_wconf 86' lang='lat' dir='ltr'>sacrae</span> <span class='ocrx_word' id='word_1_43' title='bbox 900 1053 1066 1114; x_wconf 80' lang='lat' dir='ltr'>fornicibus</span> <span class='ocrx_word' id='word_1_44' title='bbox 1086 1062 1173 1130; x_wconf 88' lang='lat' dir='ltr'>tecta,</span> 
     </span>
     <span class='ocr_line' id='line_1_7' title="bbox 273 1153 1175 1232; baseline 0 -17"><span class='ocrx_word' id='word_1_45' title='bbox 273 1154 325 1215; x_wconf 89' lang='lat' dir='ltr'>ubi</span> <span class='ocrx_word' id='word_1_46' title='bbox 353 1154 440 1215; x_wconf 91' lang='lat' dir='ltr'>etiam</span> <span class='ocrx_word' id='word_1_47' title='bbox 464 1155 610 1215; x_wconf 87' lang='lat' dir='ltr'>auctuarii</span> <span class='ocrx_word' id='word_1_48' title='bbox 635 1153 745 1215; x_wconf 85' lang='lat' dir='ltr'>scrinia</span> <span class='ocrx_word' id='word_1_49' title='bbox 771 1154 801 1214; x_wconf 92' lang='lat' dir='ltr'>in</span> <span class='ocrx_word' id='word_1_50' title='bbox 824 1173 962 1232; x_wconf 85' lang='lat' dir='ltr'>magnum</span> <span class='ocrx_word' id='word_1_51' title='bbox 983 1155 1067 1216; x_wconf 88' lang='lat' dir='ltr'>urbis</span> <span class='ocrx_word' id='word_1_52' title='bbox 1088 1173 1175 1216; x_wconf 86' lang='lat' dir='ltr'>rena-</span> 
     </span>
     <span class='ocr_line' id='line_1_8' title="bbox 274 1254 1175 1334; baseline 0.002 -19"><span class='ocrx_word' id='word_1_53' title='bbox 274 1254 405 1315; x_wconf 87' lang='lat' dir='ltr'>sciturae</span> <span class='ocrx_word' id='word_1_54' title='bbox 415 1262 445 1316; x_wconf 92' lang='lat' dir='ltr'>et</span> <span class='ocrx_word' id='word_1_55' title='bbox 455 1255 638 1334; x_wconf 86' lang='lat' dir='ltr'>posteritatis</span> <span class='ocrx_word' id='word_1_56' title='bbox 649 1255 840 1315; x_wconf 89' lang='lat' dir='ltr'>commodum</span> <span class='ocrx_word' id='word_1_57' title='bbox 856 1262 974 1315; x_wconf 89' lang='lat' dir='ltr'>servata</span> <span class='ocrx_word' id='word_1_58' title='bbox 984 1264 1063 1316; x_wconf 90' lang='lat' dir='ltr'>sunt.</span> <span class='ocrx_word' id='word_1_59' title='bbox 1085 1255 1175 1317; x_wconf 90' lang='lat' dir='ltr'>Nunc</span> 
     </span>
     <span class='ocr_line' id='line_1_9' title="bbox 273 1355 1175 1433; baseline 0.004 -19"><span class='ocrx_word' id='word_1_60' title='bbox 273 1356 459 1433; x_wconf 85' lang='lat' dir='ltr'>pertexenda</span> <span class='ocrx_word' id='word_1_61' title='bbox 480 1365 526 1417; x_wconf 92' lang='lat' dir='ltr'>est</span> <span class='ocrx_word' id='word_1_62' title='bbox 548 1355 723 1416; x_wconf 82' lang='lat' dir='ltr'>calamitatis</span> <span class='ocrx_word' id='word_1_63' title='bbox 741 1362 863 1416; x_wconf 88' lang='lat' dir='ltr'>nostrae</span> <span class='ocrx_word' id='word_1_64' title='bbox 884 1355 1015 1417; x_wconf 86' lang='lat' dir='ltr'>historia.</span> <span class='ocrx_word' id='word_1_65' title='bbox 1044 1357 1175 1418; x_wconf 85' lang='lat' dir='ltr'>Vixdum</span> 
     </span>
     <span class='ocr_line' id='line_1_10' title="bbox 274 1456 1175 1532; baseline 0.002 -16"><span class='ocrx_word' id='word_1_66' title='bbox 274 1456 365 1516; x_wconf 87' lang='lat' dir='ltr'>iidem</span> <span class='ocrx_word' id='word_1_67' title='bbox 392 1456 468 1517; x_wconf 87' lang='lat' dir='ltr'>salvi</span> <span class='ocrx_word' id='word_1_68' title='bbox 494 1458 663 1519; x_wconf 88' lang='lat' dir='ltr'>conductus</span> <span class='ocrx_word' id='word_1_69' title='bbox 690 1457 787 1519; x_wconf 89' lang='lat' dir='ltr'>secuti</span> <span class='ocrx_word' id='word_1_70' title='bbox 819 1477 1072 1532; x_wconf 84' lang='lat' dir='ltr'>conveneramus,</span> <span class='ocrx_word' id='word_1_71' title='bbox 1107 1478 1175 1520; x_wconf 90' lang='lat' dir='ltr'>cum</span> 
     </span>
     <span class='ocr_line' id='line_1_11' title="bbox 273 1557 1175 1639; baseline 0.002 -23"><span class='ocrx_word' id='word_1_72' title='bbox 273 1557 429 1618; x_wconf 70' lang='lat' dir='ltr'>lohannes</span> <span class='ocrx_word' id='word_1_73' title='bbox 449 1558 627 1619; x_wconf 85' lang='lat' dir='ltr'>Laurentius</span> <span class='ocrx_word' id='word_1_74' title='bbox 642 1558 879 1619; x_wconf 81' lang='lat' dir='ltr'>diversoriorum</span> <span class='ocrx_word' id='word_1_75' title='bbox 898 1557 1071 1636; x_wconf 85' lang='lat' dir='ltr'>designator</span> <span class='ocrx_word' id='word_1_76' title='bbox 1091 1559 1175 1639; x_wconf 88' lang='lat' dir='ltr'>equi-</span> 
     </span>
     <span class='ocr_line' id='line_1_12' title="bbox 275 1657 1175 1737; baseline 0.001 -19"><span class='ocrx_word' id='word_1_77' title='bbox 275 1667 338 1719; x_wconf 91' lang='lat' dir='ltr'>tum</span> <span class='ocrx_word' id='word_1_78' title='bbox 359 1665 456 1718; x_wconf 90' lang='lat' dir='ltr'>turma</span> <span class='ocrx_word' id='word_1_79' title='bbox 477 1658 613 1719; x_wconf 88' lang='lat' dir='ltr'>invectus</span> <span class='ocrx_word' id='word_1_80' title='bbox 634 1659 762 1737; x_wconf 89' lang='lat' dir='ltr'>pretium</span> <span class='ocrx_word' id='word_1_81' title='bbox 785 1667 889 1736; x_wconf 89' lang='lat' dir='ltr'>pactae</span> <span class='ocrx_word' id='word_1_82' title='bbox 911 1657 948 1716; x_wconf 92' lang='lat' dir='ltr'>ab</span> <span class='ocrx_word' id='word_1_83' title='bbox 965 1657 1105 1719; x_wconf 86' lang='lat' dir='ltr'>incendio</span> <span class='ocrx_word' id='word_1_84' title='bbox 1122 1678 1175 1719; x_wconf 89' lang='lat' dir='ltr'>ur-</span> 
     </span>
     <span class='ocr_line' id='line_1_13' title="bbox 274 1757 1175 1836; baseline -0.001 -18"><span class='ocrx_word' id='word_1_85' title='bbox 274 1759 323 1820; x_wconf 90' lang='lat' dir='ltr'>bis</span> <span class='ocrx_word' id='word_1_86' title='bbox 344 1759 536 1820; x_wconf 86' lang='lat' dir='ltr'>immunitatis</span> <span class='ocrx_word' id='word_1_87' title='bbox 557 1757 708 1836; x_wconf 83' lang='lat' dir='ltr'>extemplo</span> <span class='ocrx_word' id='word_1_88' title='bbox 731 1757 953 1818; x_wconf 87' lang='lat' dir='ltr'>minitabundus</span> <span class='ocrx_word' id='word_1_89' title='bbox 975 1757 1074 1836; x_wconf 81' lang='lat' dir='ltr'>exigit.</span> <span class='ocrx_word' id='word_1_90' title='bbox 1111 1758 1175 1818; x_wconf 83' lang='lat' dir='ltr'>Ad-</span> 
     </span>
     <span class='ocr_line' id='line_1_14' title="bbox 276 1855 1176 1938; baseline 0 -19"><span class='ocrx_word' id='word_1_91' title='bbox 276 1859 370 1920; x_wconf 92' lang='lat' dir='ltr'>ditum</span> <span class='ocrx_word' id='word_1_92' title='bbox 403 1859 579 1933; x_wconf 89' lang='lat' dir='ltr'>ludibrium,</span> <span class='ocrx_word' id='word_1_93' title='bbox 609 1858 691 1938; x_wconf 91' lang='lat' dir='ltr'>quod</span> <span class='ocrx_word' id='word_1_94' title='bbox 718 1859 859 1936; x_wconf 85' lang='lat' dir='ltr'>periisset</span> <span class='ocrx_word' id='word_1_95' title='bbox 886 1856 943 1916; x_wconf 93' lang='lat' dir='ltr'>sibi</span> <span class='ocrx_word' id='word_1_96' title='bbox 970 1855 1085 1933; x_wconf 91' lang='lat' dir='ltr'>dolori,</span> <span class='ocrx_word' id='word_1_97' title='bbox 1119 1877 1176 1919; x_wconf 91' lang='lat' dir='ltr'>nec</span> 
     </span>
     <span class='ocr_line' id='line_1_15' title="bbox 275 1957 1176 2039; baseline 0 -21"><span class='ocrx_word' id='word_1_98' title='bbox 275 1959 374 2020; x_wconf 79' lang='lat' dir='ltr'>fraudi</span> <span class='ocrx_word' id='word_1_99' title='bbox 400 1979 467 2021; x_wconf 89' lang='lat' dir='ltr'>esse</span> <span class='ocrx_word' id='word_1_100' title='bbox 491 1979 599 2039; x_wconf 92' lang='lat' dir='ltr'>posse,</span> <span class='ocrx_word' id='word_1_101' title='bbox 627 1958 691 2020; x_wconf 90' lang='lat' dir='ltr'>sive</span> <span class='ocrx_word' id='word_1_102' title='bbox 719 1957 820 2018; x_wconf 90' lang='lat' dir='ltr'>militis</span> <span class='ocrx_word' id='word_1_103' title='bbox 848 1957 977 2030; x_wconf 90' lang='lat' dir='ltr'>incuria,</span> <span class='ocrx_word' id='word_1_104' title='bbox 1007 1957 1071 2018; x_wconf 89' lang='lat' dir='ltr'>sive</span> <span class='ocrx_word' id='word_1_105' title='bbox 1092 1959 1176 2038; x_wconf 92' lang='lat' dir='ltr'>quod</span> 
     </span>
     <span class='ocr_line' id='line_1_16' title="bbox 277 2058 1176 2137; baseline 0.003 -20"><span class='ocrx_word' id='word_1_106' title='bbox 277 2059 484 2134; x_wconf 78' lang='lat' dir='ltr'>verisimiliuS,</span> <span class='ocrx_word' id='word_1_107' title='bbox 514 2059 622 2120; x_wconf 90' lang='lat' dir='ltr'>civium</span> <span class='ocrx_word' id='word_1_108' title='bbox 646 2058 856 2137; x_wconf 86' lang='lat' dir='ltr'>desperatione</span> <span class='ocrx_word' id='word_1_109' title='bbox 882 2059 959 2136; x_wconf 87' lang='lat' dir='ltr'>ignis</span> <span class='ocrx_word' id='word_1_110' title='bbox 980 2059 1107 2134; x_wconf 88' lang='lat' dir='ltr'>injectus</span> <span class='ocrx_word' id='word_1_111' title='bbox 1129 2058 1176 2120; x_wconf 89' lang='lat' dir='ltr'>sit.</span> 
     </span>
     <span class='ocr_line' id='line_1_17' title="bbox 275 2158 1175 2234; baseline 0 -14"><span class='ocrx_word' id='word_1_112' title='bbox 275 2159 484 2220; x_wconf 89' lang='lat' dir='ltr'>Posoebantur</span> <span class='ocrx_word' id='word_1_113' title='bbox 504 2161 588 2222; x_wconf 89' lang='grc'>0000</span> <span class='ocrx_word' id='word_1_114' title='bbox 608 2161 637 2220; x_wconf 93' lang='grc'>0.</span> <span class='ocrx_word' id='word_1_115' title='bbox 659 2159 745 2220; x_wconf 93' lang='lat' dir='ltr'>nullo</span> <span class='ocrx_word' id='word_1_116' title='bbox 767 2159 917 2220; x_wconf 89' lang='lat' dir='ltr'>dilationis</span> <span class='ocrx_word' id='word_1_117' title='bbox 936 2158 985 2218; x_wconf 91' lang='lat' dir='ltr'>vel</span> <span class='ocrx_word' id='word_1_118' title='bbox 1002 2159 1091 2221; x_wconf 92' lang='lat' dir='ltr'>unius</span> <span class='ocrx_word' id='word_1_119' title='bbox 1107 2159 1175 2234; x_wconf 92' lang='lat' dir='ltr'>diei,</span> 
     </span>
     <span class='ocr_line' id='line_1_18' title="bbox 277 2259 1177 2340; baseline 0 -18"><span class='ocrx_word' id='word_1_120' title='bbox 277 2261 332 2322; x_wconf 91' lang='lat' dir='ltr'>sed</span> <span class='ocrx_word' id='word_1_121' title='bbox 358 2281 415 2322; x_wconf 92' lang='lat' dir='ltr'>nec</span> <span class='ocrx_word' id='word_1_122' title='bbox 444 2261 636 2340; x_wconf 85' lang='lat' dir='ltr'>obligationis</span> <span class='ocrx_word' id='word_1_123' title='bbox 663 2261 811 2322; x_wconf 79' lang='lat' dir='ltr'>beneficio</span> <span class='ocrx_word' id='word_1_124' title='bbox 841 2259 957 2320; x_wconf 88' lang='lat' dir='ltr'>relicto.</span> <span class='ocrx_word' id='word_1_125' title='bbox 1012 2259 1068 2320; x_wconf 91' lang='lat' dir='ltr'>Hic</span> <span class='ocrx_word' id='word_1_126' title='bbox 1098 2279 1177 2322; x_wconf 89' lang='lat' dir='ltr'>nova</span> 
     </span>
     <span class='ocr_line' id='line_1_19' title="bbox 278 2360 1176 2440; baseline 0.002 -18"><span class='ocrx_word' id='word_1_127' title='bbox 278 2361 445 2440; x_wconf 86' lang='lat' dir='ltr'>trepidatio.</span> <span class='ocrx_word' id='word_1_128' title='bbox 462 2361 555 2421; x_wconf 90' lang='lat' dir='ltr'>milite</span> <span class='ocrx_word' id='word_1_129' title='bbox 568 2362 727 2423; x_wconf 87' lang='lat' dir='ltr'>horrendis</span> <span class='ocrx_word' id='word_1_130' title='bbox 741 2360 976 2438; x_wconf 89' lang='lat' dir='ltr'>dejerationibus</span> <span class='ocrx_word' id='word_1_131' title='bbox 988 2361 1110 2422; x_wconf 88' lang='lat' dir='ltr'>exitium</span> <span class='ocrx_word' id='word_1_132' title='bbox 1127 2381 1176 2424; x_wconf 89' lang='lat' dir='ltr'>re-</span> 
     </span>
     <span class='ocr_line' id='line_1_20' title="bbox 278 2449 1188 2543; baseline 0.004 -21"><span class='ocrx_word' id='word_1_133' title='bbox 278 2461 380 2543; x_wconf 92' lang='lat' dir='ltr'>liquiis</span> <span class='ocrx_word' id='word_1_134' title='bbox 395 2462 507 2523; x_wconf 88' lang='lat' dir='ltr'>nostris</span> <span class='ocrx_word' id='word_1_135' title='bbox 522 2462 696 2537; x_wconf 87' lang='lat' dir='ltr'>intentante,</span> <span class='ocrx_word' id='word_1_136' title='bbox 717 2469 785 2522; x_wconf 90' lang='lat' dir='ltr'>utut</span> <span class='ocrx_word' id='word_1_137' title='bbox 804 2463 863 2538; x_wconf 85' lang='lat' dir='ltr'>jam</span> <span class='ocrx_word' id='word_1_138' title='bbox 883 2471 951 2524; x_wconf 91' lang='lat' dir='ltr'>ante</span> <span class='ocrx_word' id='word_1_139' title='bbox 967 2465 1029 2524; x_wconf 82' lang='grc'>450</span> <span class='ocrx_word' id='word_1_140' title='bbox 1045 2463 1074 2525; x_wconf 88' lang='lat' dir='ltr'>fl.</span> <span class='ocrx_word' id='word_1_141' title='bbox 1089 2449 1188 2543; x_wconf 57' lang='lat' dir='ltr'>prac-⁴</span> 
     </span>
     <span class='ocr_line' id='line_1_21' title="bbox 277 2545 1177 2640; baseline 0 -16"><span class='ocrx_word' id='word_1_142' title='bbox 277 2561 413 2624; x_wconf 87' lang='lat' dir='ltr'>sentibus</span> <span class='ocrx_word' id='word_1_143' title='bbox 439 2563 617 2640; x_wconf 91' lang='lat' dir='ltr'>redemptis,</span> <span class='ocrx_word' id='word_1_144' title='bbox 645 2562 761 2623; x_wconf 89' lang='lat' dir='ltr'>civibus</span> <span class='ocrx_word' id='word_1_145' title='bbox 783 2545 845 2640; x_wconf 87' lang='lat' dir='ltr'>jam</span> <span class='ocrx_word' id='word_1_146' title='bbox 872 2562 910 2623; x_wconf 87' lang='lat' dir='ltr'>ab</span> <span class='ocrx_word' id='word_1_147' title='bbox 930 2564 1014 2625; x_wconf 91' lang='lat' dir='ltr'>omni</span> <span class='ocrx_word' id='word_1_148' title='bbox 1032 2583 1102 2624; x_wconf 90' lang='lat' dir='ltr'>aere</span> <span class='ocrx_word' id='word_1_149' title='bbox 1124 2583 1177 2625; x_wconf 84' lang='lat' dir='ltr'>ex-</span> 
     </span>
     <span class='ocr_line' id='line_1_22' title="bbox 277 2662 1176 2744; baseline 0.008 -22"><span class='ocrx_word' id='word_1_150' title='bbox 277 2662 405 2738; x_wconf 83' lang='lat' dir='ltr'>haustis,</span> <span class='ocrx_word' id='word_1_151' title='bbox 434 2683 491 2724; x_wconf 87' lang='lat' dir='ltr'>nec</span> <span class='ocrx_word' id='word_1_152' title='bbox 512 2670 546 2724; x_wconf 92' lang='lat' dir='ltr'>ut</span> <span class='ocrx_word' id='word_1_153' title='bbox 564 2669 670 2724; x_wconf 88' lang='lat' dir='ltr'>mutuo</span> <span class='ocrx_word' id='word_1_154' title='bbox 691 2662 802 2724; x_wconf 88' lang='lat' dir='ltr'>alicubi</span> <span class='ocrx_word' id='word_1_155' title='bbox 823 2664 1006 2744; x_wconf 84' lang='lat' dir='ltr'>acciperent,</span> <span class='ocrx_word' id='word_1_156' title='bbox 1039 2665 1176 2730; x_wconf 75' lang='lat' dir='ltr'>dimissis</span> 
     </span>
     <span class='ocr_line' id='line_1_23' title="bbox 278 2754 1179 2842; baseline 0.01 -20"><span class='ocrx_word' id='word_1_157' title='bbox 278 2754 412 2823; x_wconf 85' lang='lat' dir='ltr'>Tandem</span> <span class='ocrx_word' id='word_1_158' title='bbox 439 2764 614 2825; x_wconf 85' lang='lat' dir='ltr'>muneribus</span> <span class='ocrx_word' id='word_1_159' title='bbox 641 2771 671 2824; x_wconf 90' lang='lat' dir='ltr'>et</span> <span class='ocrx_word' id='word_1_160' title='bbox 697 2764 778 2842; x_wconf 89' lang='lat' dir='ltr'>lytro</span> <span class='ocrx_word' id='word_1_161' title='bbox 800 2765 919 2826; x_wconf 89' lang='lat' dir='ltr'>circiter</span> <span class='ocrx_word' id='word_1_162' title='bbox 941 2767 1075 2829; x_wconf 87' lang='lat' dir='ltr'>florenos</span> <span class='ocrx_word' id='word_1_163' title='bbox 1097 2769 1179 2831; x_wconf 86' lang='lat' dir='ltr'>millo</span> 
     </span>
     <span class='ocr_line' id='line_1_24' title="bbox 280 2864 1178 2947; baseline 0.004 -21"><span class='ocrx_word' id='word_1_164' title='bbox 280 2864 348 2945; x_wconf 88' lang='lat' dir='ltr'>(qui</span> <span class='ocrx_word' id='word_1_165' title='bbox 374 2865 467 2926; x_wconf 91' lang='lat' dir='ltr'>veluti</span> <span class='ocrx_word' id='word_1_166' title='bbox 493 2883 650 2944; x_wconf 87' lang='lat' dir='ltr'>supremae</span> <span class='ocrx_word' id='word_1_167' title='bbox 676 2865 763 2926; x_wconf 88' lang='lat' dir='ltr'>civici</span> <span class='ocrx_word' id='word_1_168' title='bbox 784 2866 937 2946; x_wconf 83' lang='lat' dir='ltr'>sanguinis</span> <span class='ocrx_word' id='word_1_169' title='bbox 957 2873 1058 2947; x_wconf 86' lang='lat' dir='ltr'>guttae</span> <span class='ocrx_word' id='word_1_170' title='bbox 1078 2868 1178 2947; x_wconf 86' lang='lat' dir='ltr'>inere)</span> 
     </span>
     <span class='ocr_line' id='line_1_25' title="bbox 276 2965 1177 3048; baseline 0.006 -21"><span class='ocrx_word' id='word_1_171' title='bbox 276 2967 308 3027; x_wconf 93' lang='lat' dir='ltr'>in</span> <span class='ocrx_word' id='word_1_172' title='bbox 329 2985 473 3046; x_wconf 88' lang='lat' dir='ltr'>praesens</span> <span class='ocrx_word' id='word_1_173' title='bbox 488 2966 590 3028; x_wconf 91' lang='lat' dir='ltr'>soluto</span> <span class='ocrx_word' id='word_1_174' title='bbox 606 2967 644 3026; x_wconf 91' lang='lat' dir='ltr'>ad</span> <span class='ocrx_word' id='word_1_175' title='bbox 659 2967 741 3027; x_wconf 89' lang='grc'>4000</span> <span class='ocrx_word' id='word_1_176' title='bbox 757 2967 787 3028; x_wconf 91' lang='grc'>0.</span> <span class='ocrx_word' id='word_1_177' title='bbox 804 2966 995 3028; x_wconf 84' lang='lat' dir='ltr'>Francoiurti</span> <span class='ocrx_word' id='word_1_178' title='bbox 1013 2965 1177 3048; x_wconf 87' lang='lat' dir='ltr'>liberanda,</span> 
     </span>
     <span class='ocr_line' id='line_1_26' title="bbox 281 3066 1180 3146; baseline 0.007 -19"><span class='ocrx_word' id='word_1_179' title='bbox 281 3073 405 3128; x_wconf 87' lang='lat' dir='ltr'>exustae</span> <span class='ocrx_word' id='word_1_180' title='bbox 432 3067 516 3128; x_wconf 90' lang='lat' dir='ltr'>urbis</span> <span class='ocrx_word' id='word_1_181' title='bbox 544 3066 709 3146; x_wconf 89' lang='lat' dir='ltr'>praemium</span> <span class='ocrx_word' id='word_1_182' title='bbox 735 3067 773 3127; x_wconf 91' lang='lat' dir='ltr'>ad</span> <span class='ocrx_word' id='word_1_183' title='bbox 794 3067 997 3146; x_wconf 87' lang='lat' dir='ltr'>posteritatem</span> <span class='ocrx_word' id='word_1_184' title='bbox 1018 3069 1180 3132; x_wconf 80' lang='lat' dir='ltr'>nefandum</span> 
     </span>
     <span class='ocr_line' id='line_1_27' title="bbox 281 3166 1179 3248; baseline 0.006 -20"><span class='ocrx_word' id='word_1_185' title='bbox 281 3167 458 3228; x_wconf 90' lang='lat' dir='ltr'>diminutum</span> <span class='ocrx_word' id='word_1_186' title='bbox 481 3177 534 3228; x_wconf 89' lang='lat' dir='ltr'>est.</span> <span class='ocrx_word' id='word_1_187' title='bbox 570 3169 618 3228; x_wconf 79' lang='lat' dir='ltr'>Ab</span> <span class='ocrx_word' id='word_1_188' title='bbox 641 3188 678 3230; x_wconf 89' lang='lat' dir='ltr'>eo</span> <span class='ocrx_word' id='word_1_189' title='bbox 699 3177 836 3248; x_wconf 84' lang='lat' dir='ltr'>tempore</span> <span class='ocrx_word' id='word_1_190' title='bbox 858 3166 940 3228; x_wconf 91' lang='lat' dir='ltr'>nulla</span> <span class='ocrx_word' id='word_1_191' title='bbox 959 3172 1179 3248; x_wconf 91' lang='lat' dir='ltr'>propemodum</span> 
     </span>
     <span class='ocr_line' id='line_1_28' title="bbox 281 3267 1178 3350; baseline 0.006 -22"><span class='ocrx_word' id='word_1_192' title='bbox 281 3267 361 3343; x_wconf 92' lang='lat' dir='ltr'>dies,</span> <span class='ocrx_word' id='word_1_193' title='bbox 386 3287 463 3348; x_wconf 89' lang='lat' dir='ltr'>quae</span> <span class='ocrx_word' id='word_1_194' title='bbox 489 3267 539 3328; x_wconf 90' lang='lat' dir='ltr'>vel</span> <span class='ocrx_word' id='word_1_195' title='bbox 566 3269 674 3331; x_wconf 92' lang='lat' dir='ltr'>damno</span> <span class='ocrx_word' id='word_1_196' title='bbox 702 3269 790 3332; x_wconf 90' lang='lat' dir='ltr'>nobis</span> <span class='ocrx_word' id='word_1_197' title='bbox 816 3267 864 3330; x_wconf 91' lang='lat' dir='ltr'>vel</span> <span class='ocrx_word' id='word_1_198' title='bbox 886 3269 1105 3332; x_wconf 72' lang='lat' dir='ltr'>certc&#39;summo</span> <span class='ocrx_word' id='word_1_199' title='bbox 1125 3291 1178 3350; x_wconf 93' lang='lat' dir='ltr'>pa-</span> 
     </span>
     <span class='ocr_line' id='line_1_29' title="bbox 277 3368 1180 3450; baseline 0.007 -23"><span class='ocrx_word' id='word_1_200' title='bbox 277 3368 346 3430; x_wconf 85' lang='lat' dir='ltr'>vori</span> <span class='ocrx_word' id='word_1_201' title='bbox 365 3387 429 3430; x_wconf 93' lang='lat' dir='ltr'>nou</span> <span class='ocrx_word' id='word_1_202' title='bbox 446 3368 544 3442; x_wconf 81' lang='lat' dir='ltr'>fuerit,</span> <span class='ocrx_word' id='word_1_203' title='bbox 567 3370 671 3432; x_wconf 89' lang='lat' dir='ltr'>animis</span> <span class='ocrx_word' id='word_1_204' title='bbox 687 3370 840 3432; x_wconf 90' lang='lat' dir='ltr'>bominum</span> <span class='ocrx_word' id='word_1_205' title='bbox 856 3371 1124 3448; x_wconf 85' lang='lat' dir='ltr'>superterrefactis,</span> <span class='ocrx_word' id='word_1_206' title='bbox 1145 3391 1180 3450; x_wconf 72' lang='lat' dir='ltr'>ut</span> 
     </span>
     <span class='ocr_line' id='line_1_30' title="bbox 279 3469 1179 3552; baseline 0.004 -22"><span class='ocrx_word' id='word_1_207' title='bbox 279 3487 342 3530; x_wconf 90' lang='lat' dir='ltr'>non</span> <span class='ocrx_word' id='word_1_208' title='bbox 370 3476 484 3530; x_wconf 85' lang='lat' dir='ltr'>tautum</span> <span class='ocrx_word' id='word_1_209' title='bbox 510 3471 630 3550; x_wconf 88' lang='lat' dir='ltr'>penitus</span> <span class='ocrx_word' id='word_1_210' title='bbox 650 3470 833 3552; x_wconf 87' lang='lat' dir='ltr'>liquescant,</span> <span class='ocrx_word' id='word_1_211' title='bbox 861 3469 915 3531; x_wconf 90' lang='lat' dir='ltr'>sed</span> <span class='ocrx_word' id='word_1_212' title='bbox 935 3487 1082 3551; x_wconf 89' lang='lat' dir='ltr'>persaepe</span> <span class='ocrx_word' id='word_1_213' title='bbox 1101 3471 1179 3534; x_wconf 89' lang='lat' dir='ltr'>iutra</span> 
     </span>
     <span class='ocr_line' id='line_1_31' title="bbox 279 3569 1178 3647; baseline 0.007 -18"><span class='ocrx_word' id='word_1_214' title='bbox 279 3569 505 3647; x_wconf 81' lang='lat' dir='ltr'>paucashoras</span> <span class='ocrx_word' id='word_1_215' title='bbox 526 3572 694 3634; x_wconf 90' lang='lat' dir='ltr'>concidant.</span> <span class='ocrx_word' id='word_1_216' title='bbox 735 3572 833 3647; x_wconf 88' lang='lat' dir='ltr'>Quem</span> <span class='ocrx_word' id='word_1_217' title='bbox 853 3569 917 3630; x_wconf 90' lang='lat' dir='ltr'>heri</span> <span class='ocrx_word' id='word_1_218' title='bbox 938 3569 1178 3634; x_wconf 89' lang='lat' dir='ltr'>obambulantem</span> 
     </span>
     <span class='ocr_line' id='line_1_32' title="bbox 941 3670 982 3729; baseline 0 0"><span class='ocrx_word' id='word_1_219' title='bbox 941 3670 982 3729; x_wconf 83' lang='lat' dir='ltr'>lt)</span> 
     </span>
    </p>
   </div>
   <div class='ocr_carea' id='block_1_3' title="bbox 0 0 1525 4409">
    <p class='ocr_par' dir='ltr' id='par_1_3' title="bbox 0 0 1525 4409">
     <span class='ocr_line' id='line_1_33' title="bbox 0 0 1525 4409; baseline 0 0"><span class='ocrx_word' id='word_1_220' title='bbox 0 0 1525 4409; x_wconf 95' lang='lat' dir='ltr'> </span> 
     </span>
    </p>
   </div>
  </div>
 </body>
</html>
