3025 4409
335 481 398 542 m
607 475 690 528 Liber
707 475 750 527 Vi.
786 474 968 530 tura-tter).

336 631 476 694 Andreae
503 639 662 712 cognatum
689 634 739 693 to.
753 633 820 693 Jan.
847 631 976 711 indeque
1002 629 1156 690 Kueliium
1182 631 1236 690 27.

337 731 438 794 Martii
450 732 603 794 dimissum
616 741 647 794 et
654 733 782 794 alumnis
796 731 939 812 principis
950 736 1105 804 insertum,
1113 749 1238 790 succes-

339 833 416 894 sisse
428 833 566 894 ancillam
583 834 706 896 Mariam
722 834 871 895 barthiam
968 833 1018 892 29.
1035 831 1113 905 Oct,
1136 829 1237 892 sedet

338 936 474 1014 Augusta
485 934 595 996 missos
606 935 747 996 Amorem
760 941 790 994 et
800 934 949 994 Venerem
961 931 1086 994 catellos
1097 931 1237 992 ‘thar-

340 1035 387 1096 tii:
410 1055 488 1116 quae
504 1056 601 1116 nugae
620 1033 742 1114 privatis
764 1034 839 1116 meis
859 1033 950 1094 rebus
971 1032 1138 1111 signandis,
1160 1053 1239 1112 quas

341 1137 513 1198 fastidiosus
525 1136 624 1198 lector
640 1134 869 1211 tacile'rejiciat,
893 1132 1067 1194 tribuendae
1084 1132 1215 1194 suerunt.

384 1239 476 1315 Quod
496 1257 648 1317 nunquam
669 1235 894 1315 exspectabam,
924 1252 1044 1313 sperare
1071 1232 1121 1292 vix
1147 1241 1238 1312 pote-

342 1357 414 1414 ram,
436 1339 494 1398 boc
517 1337 744 1417 quadragesimo
763 1343 849 1397 sexto
866 1333 1014 1396 currentis
1037 1351 1124 1394 aerae
1143 1354 1236 1410 anno,

344 1437 396 1518 qui
421 1437 581 1498 aLutberi
602 1438 686 1499 obitu
712 1436 907 1510 centesimus,
941 1453 997 1513 ego
1019 1434 1241 1513 sexagesimum

343 1537 447 1598 aetatis
473 1555 583 1598 annum
605 1536 740 1616 implevi,
773 1537 850 1598 haud
873 1535 991 1616 quidem
1012 1534 1165 1595 insolitum
1187 1556 1241 1596 ro-

344 1636 449 1698 bustae
474 1637 693 1719 complexionis
718 1637 791 1698 viris
820 1644 850 1698 et
876 1643 969 1698 statae
996 1635 1145 1711 sanitatiS,
1181 1638 1239 1697 sed

344 1737 415 1798 mibi
440 1738 617 1799 tenerrimae
643 1747 673 1799 et
693 1738 813 1817 saepius
834 1737 959 1799 afflictae
984 1735 1162 1797 valetudinis
1183 1739 1241 1798 ho-

345 1838 417 1900 mini
447 1850 477 1900 et
513 1857 602 1920 quem
634 1838 841 1917 intempestiva
874 1837 1003 1898 canicies
1031 1837 1093 1913 jam
1125 1838 1241 1900 dudum

345 1939 451 2001 mortis
472 1939 659 2000 candidatum
681 1939 924 2018 pronunciasset,
948 1942 1024 2001 inter
1044 1939 1159 2000 rariora
1180 1939 1243 2000 Dei

344 2039 491 2102 beneficia
510 2040 735 2101 numerandum.
766 2038 926 2101 Caeterum
945 2041 1027 2122 quod
1044 2040 1170 2102 molesta
1188 2039 1246 2101 illa

345 2142 485 2202 cachexia
504 2142 560 2220 per
576 2140 738 2217 biennium,
761 2149 790 2202 et
808 2143 890 2223 quod
907 2143 1056 2217 excurrit,
1084 2141 1243 2202 continuet

347 2250 378 2304 et
397 2264 416 2303 a
445 2241 525 2303 civili
552 2241 694 2302 societate
719 2243 938 2322 propemodum
965 2243 1119 2318 excludat,
1146 2241 1241 2303 rebus

346 2343 471 2423 insuper
497 2341 621 2421 agendis
641 2341 776 2403 inutilem
797 2343 915 2420 reddat,
945 2351 1106 2425 postquam
1125 2341 1242 2402 adhibi-

346 2452 394 2505 tae
419 2445 553 2505 acidutac
574 2441 773 2505 Tainacenses
796 2451 825 2504 et
850 2445 981 2522 thermae
1002 2442 1240 2505 Philoocllenses

346 2544 430 2622 Majo
461 2552 492 2605 et
515 2544 608 2606 tunio
631 2545 782 2606 mensibus
808 2545 916 2606 iterum
942 2545 1053 2606 frustra
1073 2545 1173 2618 suere,
1201 2543 1242 2603 de

348 2646 530 2723 seponendis
558 2645 746 2726 gravioribus
773 2645 898 2708 sarcinis
926 2651 954 2705 et
981 2645 1056 2706 rude
1082 2642 1242 2704 ambienda

347 2744 429 2806 serio
449 2746 518 2806 mibi
537 2747 728 2825 cogitandum
747 2747 841 2820 venit,
869 2747 955 2824 cujus
976 2745 1032 2806 etsi
1052 2743 1167 2821 apacis
1193 2762 1242 2803 re-

348 2844 501 2907 stitutione
527 2846 640 2927 aliquid
666 2847 731 2926 spei
759 2855 788 2907 et
810 2846 933 2907 subsidii
954 2845 1123 2924 affulgeret,
1146 2846 1241 2926 impe-

345 2946 435 3007 tratio
454 2954 554 3008 tamen
574 2967 643 3007 cnm
667 2948 735 3027 ipso
755 2947 838 3026 pacis
859 2965 983 3007 munere
1004 2947 1147 3008 hactenus
1168 2967 1242 3026 pro-

347 3045 437 3107 ducta
463 3051 516 3109 est.
571 3049 685 3110 Videor
712 3054 811 3109 autem
837 3047 907 3108 mihi
931 3047 1011 3108 illam
1037 3050 1107 3125 jure
1139 3048 1242 3128 aliquo

348 3166 417 3208 meo
441 3167 583 3227 poscere,
611 3159 645 3210 ut
669 3149 736 3230 qui,
764 3148 845 3229 quod
874 3147 902 3208 in
924 3147 969 3209 bis
989 3147 1147 3210 annalibus
1168 3149 1243 3209 meis

348 3267 508 3310 recensere
531 3247 616 3322 licet,
639 3250 702 3326 jam
722 3269 816 3310 unum
848 3269 939 3328 supra
966 3249 1160 3330 quadraginta
1187 3269 1242 3310 an-

348 3368 406 3411 nos
433 3349 547 3428 reipub.
567 3370 630 3411 non
654 3349 858 3429 perfunctorie
879 3349 1087 3428 impenderim,
1119 3368 1156 3409 ex
1173 3349 1242 3430 qui-

348 3448 406 3512 bus
433 3453 454 3512 8
480 3450 652 3512 formandae
673 3449 824 3528 juventuti
845 3469 1024 3530 generosae,
1055 3449 1242 3512 eecclesiae

349 3551 492 3627 servitiis,
519 3554 558 3612 19
586 3553 651 3628 ejus
678 3551 858 3630 inspectioni
884 3558 914 3612 et
942 3551 996 3611 bos
1022 3557 1193 3628 postremos
1220 3554 1241 3614 8
