3025 4409
260 467 267 481 ’
339 501 400 560 aaa
601 492 681 546 um
699 490 742 545 vr.
777 491 960 550 mla-rma.

383 653 520 731 Sequens
545 669 563 708 a
588 649 817 728 quadragesimo
845 655 968 729 quartus
991 655 1020 709 et
1040 649 1106 728 ipse
1127 649 1231 708 divino

341 772 465 815 munere
490 749 597 812 leuiter
624 749 753 825 eltluxit,
787 749 890 827 paucis
915 750 1004 810 animi
1032 750 1233 830 corporisque

341 852 554 916 afflictionibus
581 851 797 927 interspersus,
832 869 920 929 quem
946 858 1042 912 totum
1070 869 1236 930 propemo-

341 956 411 1016 dum
435 952 600 1014 reviscndis
622 950 749 1028 Augusti
778 949 923 1028 principis
948 957 978 1012 et
1002 951 1066 1012 heri
1087 951 1146 1012 mei
1173 949 1236 1010 cle-

342 1053 516 1116 mentissimi
536 1049 723 1113 Harmonicis
752 1049 931 1128 evangelicis
954 1051 1174 1129 jucundissima
1194 1049 1238 1112 63

341 1157 495 1217 literarum
516 1150 753 1229 reciprocatione
775 1150 916 1228 impendi.
971 1151 1094 1214 Addidit
1121 1156 1151 1210 et
1177 1150 1236 1211 So.

342 1256 412 1336 plia
442 1253 613 1314 Elisabetlta
644 1251 756 1326 conjux
786 1253 816 1312 3.
839 1250 926 1312 Febr.
961 1271 1031 1316 suas
1062 1250 1237 1330 elegantiam,

343 1365 374 1418 et
408 1353 528 1433 Sylvius
564 1351 692 1412 Nimrod
728 1357 833 1410 noster
871 1351 902 1412 iu
939 1351 1036 1412 aulam
1069 1353 1235 1431 Augustam

342 1480 408 1520 mea
427 1451 637 1518 conciliatione
655 1450 803 1512 admissus
824 1451 901 1512 idem
918 1451 1071 1514 literarum
1089 1471 1238 1512 commer-

343 1560 423 1621 cium
449 1556 522 1617 iniit
573 1553 640 1614 Nec
660 1552 727 1612 leve
747 1559 930 1614 momentum
950 1553 1019 1614 Joh.
1042 1549 1238 1626 Stellae²³⁷l

343 1657 526 1739 bibliopolae
543 1663 573 1715 et
590 1651 768 1731 typographi
780 1651 1032 1732 Luneburgcnsis,
1055 1651 1165 1714 nobilis
1181 1651 1239 1712 viri

343 1764 376 1824 in
396 1781 459 1822 rem
480 1755 666 1819 christianam
683 1751 892 1831 impensissimi
905 1753 1032 1814 amicitia
1052 1752 1144 1814 rebus
1165 1752 1256 1828 meis,

343 1860 479 1924 contulit.
530 1854 620 1917 Domi
647 1862 752 1915 contra
777 1871 834 1930 pro
862 1852 923 1914 loci
951 1854 1039 1933 genio
1068 1861 1097 1914 et
1121 1852 1241 1914 lentore

344 1963 444 2026 omnia
463 1956 604 2038 impedita
625 1961 655 2015 et
675 1970 822 2031 suspensa
843 1955 983 2030 haesere,
1005 1973 1092 2016 sacro
1111 1952 1241 2014 consilio

344 2062 487 2128 simoniae
500 2057 580 2118 vitiis
590 2061 712 2130 (contra
729 2073 805 2133 quae
824 2053 853 2113 2.
866 2054 931 2116 lan.
954 2055 1073 2117 solenni
1090 2061 1241 2133 protesta-

344 2167 426 2228 tione
438 2157 602 2232 insurrexi)
617 2163 646 2216 et
659 2152 784 2232 politico
798 2152 907 2232 typho²
916 2152 927 2188 ³
936 2154 966 2232 8)
982 2154 1085 2236 (quem
1101 2163 1130 2216 et
1142 2155 1240 2234 ipsum

347 2260 507 2328 lunarat
528 2255 654 2337 impelii)
680 2255 851 2329 laborante,
879 2255 988 2335 quibus
1009 2257 1082 2316 hacc
1102 2255 1241 2316 lemmata

346 2370 366 2428 8
388 2361 530 2444 opposui:
563 2359 597 2432 1)
620 2357 754 2418 Simouia
773 2355 936 2418 domestica
954 2363 1068 2418 exesto.
1103 2358 1139 2431 2)
1161 2355 1241 2416 Cur-

345 2474 447 2528 reutes
468 2472 498 2522 et
523 2458 684 2520 ambitores
705 2457 874 2536 abiguntur.
910 2457 945 2531 3)
967 2455 1182 2535 Suffragiorum
1203 2454 1242 2516 li-

345 2569 446 2628 bertas
477 2559 664 2640 relinquitor.
718 2558 753 2634 4)
784 2557 874 2619 Plura
902 2555 1078 2616 sententiam
1110 2557 1241 2617 lerunto.

346 2670 382 2746 ὅ)
402 2661 570 2727 Dissentire
590 2660 664 2721 citra
683 2659 820 2737 iujuriam
843 2655 1030 2736 permittitur.
1056 2657 1091 2730 6)
1103 2657 1162 2718 Uni
1178 2656 1242 2718 sol-

345 2786 418 2829 vere
439 2765 526 2825 latam
548 2761 722 2823 senteutiam
743 2760 789 2820 las
810 2777 872 2818 non
884 2764 959 2818 esto.
993 2756 1026 2832 7)
1047 2755 1243 2818 Diversarum

346 2868 412 2949 pari
436 2881 562 2926 numero
592 2861 804 2922 sententiarum
832 2858 915 2938 optio
947 2854 1074 2935 principi
1101 2856 1243 2916 desertor.

261 3023 264 3028 .
346 2973 381 3048 8)
402 2965 524 3029 Frivola
545 2961 711 3043 colloquia,
738 2967 901 3024 scommata
927 2965 957 3018 et
973 2957 1073 3036 jurgia
1098 2956 1243 3018 intermit-

345 3076 458 3134 tuntor.

389 3171 561 3232 Praeterea:

520 3265 696 3326 Domiuatus
1019 3261 1187 3341 Collegium

346 3373 403 3434 Ubi
430 3377 478 3432 cst
496 3269 612 3560 ‘Nulla
623 3265 809 3556 vocatio}ibi
820 3361 933 3424 nullum
948 3262 1242 3552 estKOonsistorium

523 3464 708 3526 Temulentia
1020 3459 1197 3522 Consilium.
