3025 4409
605 498 660 553 lter
676 496 855 553 Austriecnm.
1137 504 1178 566 8⁶

282 656 408 737 ejusque
437 662 596 735 patronum
625 654 848 717 serenissimum
876 654 1042 735 principem
1067 654 1176 717 doben.

282 756 479 831 Fridericum,
500 757 555 817 sed
574 756 677 835 potius
698 756 777 817 inter
797 756 914 819 medios
931 756 1082 817 bellorum
1099 762 1176 817 stre-

282 858 364 936 pitus
398 856 504 919 sibilos
531 857 706 937 Oinglinnos
739 857 882 919 exnudire
913 858 1052 938 interque
1076 856 1176 917 fumos

282 956 468 1038 nebulasque
490 957 696 1034 consiliorum,
717 957 822 1018 nescio
843 976 922 1038 quos
939 956 1067 1038 laqueos
1079 952 1115 1034 {et
1127 974 1177 1015 re-

282 1057 323 1119 tin
350 1058 540 1137 prospicere,
568 1056 677 1139 quibus
705 1056 851 1117 ecclesiae
878 1056 1029 1118 noscentis
1054 1054 1177 1116 infantie

282 1163 313 1219 et
339 1157 511 1237 simplicitas
538 1157 716 1238 implicetur.
772 1157 890 1219 Adesse
917 1157 1019 1238 itaque
1051 1176 1087 1217 ac
1114 1174 1177 1217 non

280 1264 341 1319 tem
367 1258 404 1320 de
424 1259 562 1338 periculo
588 1259 718 1321 tideliter
743 1277 867 1320 monere
894 1276 983 1339 quem
1008 1263 1073 1319 tuta
1096 1254 1177 1317 selu-

281 1359 407 1440 brieque
433 1358 565 1419 remedia
585 1360 728 1421 obicesve
747 1358 928 1440 intrudeutis
948 1377 983 1420 se
1003 1355 1179 1419 Gnlviuismi

283 1460 408 1533 offerre,
432 1465 523 1539 etque
543 1460 620 1523 odeo
642 1460 683 1523 ill.
706 1468 736 1522 et
764 1478 932 1540 generosos
944 1457 1085 1522 Austriee
1104 1475 1178 1537 pro·

283 1579 380 1636 ceres,
402 1578 530 1641 quorum
551 1560 706 1641 integritas
728 1568 759 1622 et
778 1558 933 1639 religionis
948 1557 1110 1637 limpidites
1128 1576 1178 1619 ce-

283 1660 399 1721 lebrior
428 1665 458 1720 et
478 1661 668 1738 perspectior
688 1660 741 1738 sit,
769 1660 801 1720 iu
827 1658 1024 1720 consiliorum
1050 1658 1178 1720 societa-

283 1770 345 1822 tem
364 1766 553 1839 peramanter
573 1761 713 1837 invitere,
740 1767 775 1822 ut
800 1780 862 1841 qno
889 1759 1013 1821 loedere
1032 1759 1082 1820 vel
1104 1778 1179 1820 cou-

284 1880 377 1923 sensu
405 1859 509 1922 saltem
535 1861 691 1937 Bohemis,
718 1861 862 1939 Ungeris,
891 1859 1042 1935 Morevis,
1071 1860 1179 1920 Cerin-

283 1962 351 2038 this,
374 1960 563 2023 Cerniolenis
584 1960 710 2043 aliisque
732 1960 837 2022 vicinis
854 1959 1102 2037 suntcoujuncti,
1124 1978 1178 2021 eo-

284 2064 353 2124 dem
382 2062 420 2122 nd
444 2062 663 2141 suppeditanda
687 2082 777 2123 verae
803 2059 958 2140 religionis
985 2060 1119 2123 subsidio
1147 2059 1179 2121 in

285 2162 399 2225 Christi
423 2162 519 2224 nostri
546 2164 693 2225 honorem
719 2168 854 2236 utentur3
881 2180 915 2224 se
940 2170 1022 2224 certe
1037 2163 1101 2240 jem
1121 2160 1179 2223 sub

284 2264 405 2326 laudate
425 2262 590 2324 directione
612 2262 719 2325 illustr.
734 2283 780 2343 pr.
793 2261 1005 2342 christophori
1022 2261 1179 2338 Ludovici,

285 2363 433 2426 Friderici
458 2364 629 2439 beatorum,
657 2382 693 2425 ec
719 2363 809 2426 hodie
836 2362 885 2425 sui
904 2362 1012 2424 Johan.
1033 2362 1180 2424 Friderici

286 2480 406 2526 omnem
427 2482 464 2526 eo
486 2482 609 2543 operam
630 2464 810 2541 contulisse,
841 2471 872 2526 et
892 2470 926 2525 ut
944 2464 1052 2543 purior
1071 2462 1179 2543 religio

284 2585 341 2645 per
366 2584 440 2627 suos
465 2564 496 2625 in
516 2565 613 2626 varies
634 2572 731 2627 terroe
754 2585 825 2627 oros
856 2564 1078 2645 promulgetur,
1104 2564 1179 2624 tide-

284 2665 376 2727 litatis
398 2665 521 2745 gratiam
542 2673 572 2727 et
591 2666 710 2729 laudem
730 2666 863 2747 undique
877 2672 1059 2745 reportasse.
1089 2662 1181 2726 Nunc

286 2767 365 2827 idem
395 2772 425 2827 et
451 2764 539 2827 valde
551 2762 586 2845 *)
615 2786 654 2827 ex
680 2766 781 2829 auimo
810 2773 840 2828 et
863 2767 946 2847 large
970 2764 1181 2827 benedictione

285 2886 393 2948 posse,
420 2871 454 2929 ut
479 2884 540 2947 qua
564 2865 744 2929 salutaribus
770 2868 809 2928 ed
835 2868 893 2929 hoc
918 2866 1001 2946 pium
1026 2867 1181 2946 negotium

286 2966 410 3047 organis
430 2965 576 3041 abundet,
599 2973 629 3027 et
648 2966 815 3047 principem
835 2987 922 3030 suum
942 2966 981 3027 nd
1001 2966 1181 3029 emittendos

286 3067 362 3129 tulus
384 3066 486 3145 (cnjus
506 3066 545 3128 sit
561 3067 712 3128 christiani
732 3068 837 3148 animi)
857 3066 1076 3149 paratissimum
1094 3067 1181 3130 scint.

287 3170 387 3248 Agant
407 3167 507 3248 itaque
529 3166 570 3229 ill.
592 3168 730 3244 ordines,
759 3175 789 3230 et
815 3170 955 3250 quicum
975 3169 1181 3230 Wiirtember-

288 3269 336 3349 gio
357 3267 431 3348 ipsis
453 3275 500 3329 est
528 3274 648 3330 mutuus
669 3288 754 3331 amor
775 3277 805 3331 et
825 3271 923 3334 cultus
945 3270 1037 3331 divini
1058 3270 1180 3332 consor-

289 3369 391 3447 mitns,
418 3388 495 3449 quae
517 3369 603 3431 etiem
624 3370 759 3449 ipsorum
781 3371 818 3433 de
837 3371 897 3432 tide
918 3390 1043 3434 suornm
1063 3370 1180 3435 theolo-

324 3581 350 3650 *)
368 3580 435 3635 Cod.
453 3582 476 3635 A
493 3585 520 3635 et
536 3580 571 3634 B:
588 3580 667 3637 velle.
