3025 4409
528 1349 676 1429 llllllll
708 1350 903 1433 PlllllllS.

643 1530 790 1538 ...κα-.-

268 1650 440 1753 Fnerimne
473 1693 635 1773 aliquando
667 1694 744 1756 iuter
771 1699 927 1768 mortales,
960 1697 1082 1777 etquis
1111 1698 1163 1757 lro·

269 1795 458 1856 munoionnm
486 1794 607 1868 fuerim,
637 1794 728 1870 scire,
757 1798 941 1875 posteritatis
962 1798 1089 1857 tortasse
1110 1818 1165 1876 pa-

266 1914 332 1955 rum
353 1896 454 1969 refert,
477 1914 546 1955 cum
562 1896 619 1955 Dei
640 1895 789 1957 beneficio
810 1896 889 1957 vitae
906 1897 1093 1977 rationisque
1108 1898 1162 1957 ali-

265 1997 387 2075 quando
413 2016 500 2057 usum
527 1996 667 2057 habuisse
695 2004 725 2057 et
750 2016 768 2056 a
790 1995 913 2057 Christo
938 1997 1013 2056 Jesu
1035 1998 1072 2057 ad
1099 2016 1162 2057 nie-

264 2095 373 2157 liorem
400 2096 489 2156 vitam
517 2105 606 2177 atque
628 2096 743 2157 beatam
765 2096 967 2157 aeternitatem
988 2105 1162 2158 revocatum

265 2216 348 2274 esse,
370 2196 483 2257 interea
505 2216 607 2258 saurae
629 2202 658 2257 et
678 2196 819 2275 publicae
840 2197 883 2258 rei
905 2216 961 2276 pro
983 2198 1079 2259 serrati
1099 2188 1161 2277 spi·

264 2298 339 2359 ritus
361 2297 487 2359 donario
510 2304 540 2359 et
560 2297 727 2370 oonduotu,
750 2317 812 2365 non
827 2297 973 2372 defuisse,
995 2297 1096 2359 multia
1114 2298 1161 2359 in·

264 2418 356 2478 super
388 2398 466 2460 coeli
497 2407 654 2478 terraeque
684 2397 839 2458 benelioiis
870 2406 1009 2459 ornatum
1037 2398 1160 2474 vixisse,

263 2498 351 2559 nimis
378 2498 497 2559 abunde
524 2498 571 2560 sit.
620 2498 797 2568 Caeterum,
826 2498 909 2579 quod
937 2518 973 2559 ea
999 2500 1161 2561 memoriae

261 2599 407 2659 humanae
429 2615 497 2661 sors
519 2598 570 2673 sit,
593 2606 626 2659 ut
647 2598 719 2660 dum
739 2618 854 2659 moram
874 2597 1003 2678 aliquam
1024 2608 1095 2679 post
1112 2600 1160 2661 ln·
1253 2661 1256 2672 ,

261 2718 335 2759 nera
356 2699 434 2759 inter
449 2699 626 2777 superstites
638 2700 716 2775 lacit,
739 2698 1016 2778 prout'interpretis
1027 2701 1159 2780 linguam

261 2798 445 2861 calamumve
467 2807 553 2859 nacta
575 2807 629 2876 est,
652 2800 692 2861 ita
713 2801 802 2860 fidem
824 2798 964 2874 inveniat,
986 2798 1051 2860 sive
1063 2800 1160 2861 amori

260 2898 428 2977 obnoxium
456 2901 658 2981 quodminus
681 2908 739 2974 est,
767 2898 907 2969 extollam
936 2902 1000 2960 sive
1019 2895 1158 2976 invidiae,

260 2999 345 3079 quod
365 3000 475 3077 majuS,
504 3008 658 3072 extenuem
688 2999 752 3061 sive
773 2999 930 3060 luxurians
950 3000 1037 3061 stilus
1059 3001 1158 3063 sciens

259 3098 428 3181 volensque
454 3100 622 3162 credulitati
641 3102 794 3175 ¹humanae
821 3098 968 3177 imponat:
996 3100 1157 3179 plurimum

258 3200 406 3263 interesse
427 3192 561 3279 videtur,
587 3219 626 3262 ne
648 3222 683 3262 ea
704 3216 754 3260 res
775 3198 824 3258 vel
844 3199 1035 3261 innocentiae
1055 3204 1159 3280 cnjus·

257 3320 347 3381 quam
361 3301 471 3361 ¹standi
498 3301 551 3376 sit,
581 3301 630 3362 val
652 3301 759 3380 culpae
780 3300 966 3377 blandiatur,
995 3302 1158 3384 potiusque

259 3408 343 3461 reate
364 3420 514 3482 secusque
534 3400 617 3476 laeti,
648 3400 783 3480 (siquid
804 3400 1015 3462 recordatione
1034 3402 1157 3482 dignum

258 3501 319 3579 est)
341 3502 470 3581 genuina
490 3502 625 3563 recitatio
646 3508 774 3581 prestet.
814 3500 891 3563 Cum
913 3501 1000 3563 etiam
1021 3501 1158 3564 diversae

258 3600 415 3681 religionis
437 3602 549 3680 odium,
570 3608 622 3664 aut
633 3618 742 3664 causae
755 3599 923 3682 disparatae
933 3602 1073 3679 studium,
1094 3610 1155 3663 tunr

988 3704 1005 3760 1
