3025 4409
320 511 365 573 93
591 503 673 555 urse
689 503 731 556 m.
760 503 944 559 seeo-reso.

324 661 452 724 celebris
461 655 513 721 ille
525 660 604 738 epod
615 657 805 720 Besileenses
817 659 968 739 quondam
978 659 1136 736 professor
1148 659 1219 720 milri

325 763 502 825 conciliatus
523 767 582 833 est,
610 758 792 818 domesticae
820 759 995 838 disciplinae
1021 777 1123 820 curem
1150 777 1219 822 sus-

324 871 453 944 ceperat
487 865 557 938 Quo
578 861 617 919 sd
633 859 789 920 Eirene-ici
810 866 924 938 petrem
945 859 974 919 in
996 860 1146 920 Austriem
1165 861 1219 922 eb-

322 966 436 1045 legeto,
463 960 610 1040 superfuit
636 959 754 1036 collega
781 959 990 1039 Meohtolplrus
1018 960 1219 1021 efformendee

323 1065 433 1126 nobilis
449 1060 594 1142 pueritiae
620 1060 749 1134 assecla,
779 1081 846 1123 oum
865 1059 1020 1139 inopinato
1040 1061 1218 1141 apoplexiae

322 1167 384 1226 ictu
405 1165 512 1223 domus
532 1159 602 1220 mihi
624 1179 773 1220 concusso
795 1167 825 1220 et
845 1167 1014 1238 prostratus
1035 1161 1218 1223 Ehrenrious

322 1272 376 1340 est,
398 1263 520 1323 unicum
540 1260 735 1321 oeconomiae
756 1267 972 1335 ornamentum,
994 1281 1053 1340 que
1074 1261 1112 1320 de
1133 1281 1168 1321 re
1187 1262 1217 1322 in

321 1364 441 1445 lugubri
465 1358 570 1422 libello
595 1360 699 1421 fusius.
753 1361 840 1420 lluno
866 1367 963 1421 autem
990 1381 1099 1422 erruum
1127 1361 1218 1441 plene

321 1468 472 1528 moestum
486 1460 575 1522 hebui
593 1460 852 1521 dilectissimorum
868 1461 938 1521 mihi
957 1463 1113 1538 mortibus,
1133 1464 1217 1543 quod

323 1569 373 1628 18.
394 1566 467 1645 Aps.
494 1570 563 1622 ente
597 1562 748 1622 sororium
776 1561 894 1622 Sixtum
920 1562 1101 1623 Brnuohium
1127 1583 1216 1642 pree-

321 1669 431 1728 lectum
458 1662 765 1737 lleidenlreimerrsem,
794 1669 824 1723 et
845 1668 990 1741 sequente
1011 1665 1040 1724 5.
1056 1662 1134 1725 Nov.
1155 1664 1216 1724 fre-

320 1776 397 1828 trem
429 1765 595 1824 ‹lolrenmm
622 1763 777 1824 Beilsteiui
808 1768 974 1842 pastorem,
1004 1771 1075 1839 post
1105 1766 1216 1828 sectio-

321 1886 390 1929 nem
417 1861 564 1925 uidelicem
592 1863 657 1924 dire
683 1872 795 1937 morte,
821 1863 977 1944 utriusque
1006 1883 1112 1944 magno
1134 1867 1215 1927 desi-

321 1969 406 2029 derio
426 1964 550 2038 relicto,
580 1965 745 2034 anriserim3
776 1983 832 2024 uec
853 1970 974 2042 praeter
993 1964 1106 2026 loetum
1130 1966 1214 2028 eliud

320 2076 434 2141 sctum,
456 2083 543 2144 quem
565 2063 762 2124 bibliothecae
783 2062 812 2123 in
833 2085 921 2125 usum
942 2065 1050 2126 civium
1067 2066 1213 2146 colligen-

320 2169 385 2241 dee,
407 2164 535 2227 oonsilio
556 2182 645 2242 quem
665 2183 809 2225 successu
832 2166 974 2228 lrsotenus
990 2167 1134 2243 feliciore,
1155 2168 1212 2229 ini-

319 2269 392 2330 tium
412 2267 523 2326 lectum
540 2270 596 2324 est.
628 2263 699 2324 Non
719 2266 891 2343 praeteribo
907 2268 953 2328 hic
970 2268 1109 2346 longaevi
1130 2270 1211 2332 senis

318 2367 375 2427 viri
400 2367 439 2425 de
458 2383 493 2423 re
513 2363 644 2424 literaria
665 2376 695 2425 et
714 2366 824 2444 pietate
850 2367 1003 2446 praeclare
1025 2369 1134 2444 meriti,
1161 2371 1210 2432 Si-

318 2466 417 2526 monis
438 2462 578 2523 Goulorti
603 2463 806 2543 Sylvouectini
834 2467 865 2526 in
891 2487 939 2528 me
966 2469 1209 2546 propensionem.

319 2566 380 2643 Qui
398 2585 466 2628 oum
481 2565 698 2645 opusculorum
711 2586 846 2627 meorum
863 2587 996 2647 magnum
1009 2576 1123 2647 portem
1137 2570 1209 2632 Gel-

316 2667 375 2728 lice
394 2667 568 2747 loquentem
589 2665 719 2735 lecisset,
739 2665 804 2727 aliis
824 2674 913 2746 etque
930 2669 995 2730 eliis
1012 2669 1147 2744 stimulis,
1170 2691 1209 2731 ne

315 2784 436 2827 menum
453 2766 666 2839 subtraherem,
679 2766 717 2826 eb
736 2768 794 2826 hoc
811 2787 891 2828 enno
904 2771 940 2830 ed
953 2770 1003 2830 27.
1017 2789 1113 2850 usque
1133 2770 1208 2832 inci-

316 2867 397 2929 tavit.
439 2865 585 2948 Sequenti
604 2885 684 2927 enno
707 2867 852 2928 melorum
878 2867 947 2930 llies
969 2876 1065 2931 terres
1086 2877 1206 2934 nostres

314 2967 461 3028 inundare
476 2967 584 3047 coepit,
598 2967 710 3028 initioo
724 2968 887 3029 monetaria
901 2977 987 3048 peste
1003 2970 1092 3032 lecto.
1115 2973 1208 3048 Quod
1259 3011 1262 3018 ·

314 3069 424 3129 melum
450 3087 518 3129 cum
543 3068 719 3129 medicabile
742 3069 902 3130 etiamnum
927 3071 1114 3149 crederetur,
1148 3091 1206 3134 uec

315 3171 473 3252 quicquam
493 3167 653 3248 prodigere
674 3188 767 3230 ausus
786 3170 835 3230 vel
859 3168 980 3248 publico
999 3171 1130 3234 dramate
1148 3173 1204 3234 im·

314 3271 400 3351 petli;
424 3271 478 3332 sed
496 3286 560 3329 rem
580 3269 702 3346 majoris
722 3269 810 3330 molis
831 3287 899 3330 esse
911 3270 1076 3348 convietus,
1094 3273 1137 3334 sio
1151 3274 1204 3336 de-

314 3372 384 3450 stiti,
404 3376 439 3431 ut
457 3370 559 3432 mulus
578 3378 677 3430 tomen
687 3369 824 3431 innoxias
838 3389 942 3432 mouns
962 3371 1000 3431 eb
1012 3373 1071 3434 hoc
1088 3375 1205 3438 scelere

312 3471 518 3546 medonem,
534 3489 621 3550 quem
629 3487 724 3529 meum
735 3468 954 3534 solicitudinem
970 3473 1107 3534 tenebrio
1120 3476 1202 3555 quis.

311 3574 389 3653 piem
414 3570 558 3653 projectis
577 3570 608 3630 in
634 3570 741 3631 atrium
763 3570 872 3633 chartis
893 3572 1202 3636 contumeliosissimis

310 3674 392 3738 ultus
407 3681 468 3749 est,
490 3692 564 3753 ques
581 3670 649 3734 solo
670 3677 843 3750 contemptu
859 3671 1014 3734 vindicavi.
1053 3673 1200 3736 Corrum-
