3025 4409
317 485 359 545 24
604 476 687 531 isaer
702 477 722 529 1.
757 474 937 529 rama-acu

318 640 367 703 bis
387 636 545 721 syndicum
567 631 638 695 novi
661 638 691 693 et
708 636 901 711 perorantem
921 631 1032 708 audivi,
1053 652 1122 695 cum
1144 633 1226 695 ilen-

321 742 386 803 rico
397 744 521 822 Magno,
543 732 659 797 Galliae
672 733 737 812 regi
748 734 833 809 justa
852 732 994 795 solveret.
1026 732 1228 815 Reliquorum

322 861 386 903 non
407 838 537 903 memini.
571 835 651 893 Dum
668 834 811 894 Genevae
832 852 939 907 essem,
960 834 1064 895 notavi
1083 854 1149 895 rem
1163 854 1228 895 ma-

326 943 378 1023 gni
411 935 556 1003 momenti
590 940 620 994 et
652 934 739 1011 cujus
765 952 828 993 non
853 941 912 993 tam
938 934 1114 995 memoriam
1139 954 1228 1015 quam

324 1042 507 1105 desiderium
527 1036 585 1098 nisi
613 1055 681 1095 cum
708 1034 769 1095 vita
790 1054 941 1114 nunquam
963 1053 1107 1113 posuero.
1149 1034 1227 1095 Nam

324 1148 445 1223 praeter
465 1139 628 1220 perfectam
649 1132 832 1213 reipublicae
854 1134 966 1194 liberae
988 1135 1113 1195 formam
1137 1142 1228 1215 atque

325 1260 445 1317 curam,
466 1240 620 1321 peculiare
642 1243 849 1296 ornamentum
872 1243 902 1295 et
923 1235 1099 1314 disciplinae
1117 1235 1227 1297 iustru-

328 1348 461 1403 mentum
483 1341 556 1401 urbs
577 1338 666 1399 hahet
686 1356 854 1410 censuram,
876 1356 935 1416 qua
952 1336 982 1395 in
997 1355 1102 1397 omnes
1117 1337 1228 1397 civium

326 1460 428 1503 mores
455 1450 485 1504 et
510 1440 725 1503 minutissimos
753 1438 840 1498 etiam
862 1456 1005 1498 excessus
1026 1436 1227 1499 lrebdomatim

326 1541 498 1622 inquiritur,
520 1542 648 1621 primum
671 1558 726 1618 per
741 1540 930 1618 inspectores
941 1537 1076 1611 vicanos,
1098 1538 1167 1597 dein
1177 1556 1226 1597 se-

326 1642 430 1703 niores
458 1642 587 1723 denique
608 1641 706 1720 ipsum
729 1646 879 1714 senatum,
908 1645 1000 1717 prout
1020 1639 1066 1699 rei
1085 1638 1228 1701 atrocitas

328 1750 380 1805 aut
400 1742 602 1823 delinquentis
629 1742 678 1803 vel
700 1740 808 1803 duritia
832 1740 881 1801 vel
900 1738 1065 1818 pertinacia
1085 1737 1229 1817 exegerit.

326 1845 404 1906 Hinc
430 1844 630 1924 prohibentur
655 1862 761 1905 omnes
783 1840 983 1919 dejeratioues
1009 1848 1040 1900 et
1063 1839 1230 1900 execratio·

328 1963 398 2020 nea,
426 1944 509 2007 aleae
532 1952 561 2006 et
582 1946 749 2007 chartarum
771 1944 872 2016 lusus,
897 1940 1034 2015 lascivia,
1055 1938 1229 2019 petulantia,

328 2045 420 2119 rixae,
442 2046 521 2120 odia,
541 2045 612 2120 doli,
635 2046 766 2117 fraudes,
788 2041 980 2116 emulsiones‚
1003 2040 1229 2101 commessatio-

327 2164 398 2218 nes,
421 2144 528 2217 luxus,
550 2144 712 2222 protervia,
734 2143 884 2218 socordia,
906 2141 974 2203 bilis
989 2140 1156 2215 immodica,
1178 2159 1229 2201 ru·

328 2242 458 2315 sticitas,
487 2243 598 2304 nedum
623 2245 738 2321 majora
758 2242 882 2321 flagitia,
910 2262 988 2322 quae
1009 2241 1229 2322 propemodum

328 2340 460 2401 inaudita
481 2341 528 2401 hic
550 2350 621 2404 sunt
642 2352 671 2404 et
693 2342 820 2403 insolita.
854 2344 940 2418 Quae
958 2362 1076 2403 morum
1088 2341 1228 2403 castimo-

328 2440 392 2513 nia,
429 2440 537 2501 mirum
564 2462 653 2523 quam
681 2445 784 2505 decori
811 2444 850 2506 sit
875 2443 1014 2523 religioni
1041 2442 1228 2517 christianae,

330 2560 417 2622 quam
440 2541 635 2617 conveniens
657 2564 746 2625 quam
769 2545 902 2625 propria,
924 2553 958 2605 ut
979 2562 1045 2605 eam
1065 2543 1154 2605 nobis
1175 2543 1229 2603 ab·

330 2661 398 2705 esse
424 2650 515 2723 atque
540 2642 629 2722 plane
656 2644 769 2725 negligi
798 2646 938 2707 omnibus
958 2644 1100 2724 lacrymis
1122 2643 1229 2723 deplo-

329 2744 455 2805 randum
478 2744 531 2816 sit,
555 2750 585 2805 et
605 2751 639 2805 ut
659 2745 849 2823 restituatur,
871 2747 961 2809 bouis
982 2745 1099 2808 cunctis
1112 2743 1229 2805 allabo-

327 2844 464 2905 randum.
498 2844 549 2905 Me
570 2864 644 2905 sane
665 2846 723 2907 uisi
743 2846 899 2926 religionis
911 2846 1097 2909 dissonantia
1113 2845 1229 2907 arcuis-

329 2951 384 3019 set,
406 2964 524 3007 morum
541 2947 738 3008 consonantia
753 2955 907 3009 aeternum
921 2946 1114 3021 devinxisset,
1135 2947 1228 3008 adeo-

329 3064 388 3126 que
414 3046 498 3107 omni
524 3046 593 3107 nisu
615 3047 723 3107 exinde
745 3047 860 3124 studui,
887 3057 921 3110 ut
941 3048 1000 3109 tale
1022 3048 1094 3128 quid
1115 3046 1229 3109 nostris

329 3144 466 3207 ecelesiis
488 3148 689 3209 conciliarem.
726 3148 789 3209 Sed
809 3168 866 3210 nec
886 3150 986 3211 minor
998 3168 1088 3229 quam
1107 3148 1229 3228 publiea

328 3244 455 3325 hospitis
478 3248 621 3311 Scaronis
651 3249 847 3311 oeconomiae
873 3250 1021 3313 modestia
1046 3258 1125 3325 erat,
1152 3247 1228 3309 assi-

328 3346 395 3408 duis
416 3348 567 3427 precibus,
588 3349 719 3411 lectione
741 3369 836 3425 saera,
858 3350 1007 3413 dictorum
1020 3351 1229 3429 laetorumque

329 3449 524 3525 verecundia,
553 3450 649 3512 vietus
676 3457 705 3511 et
731 3450 857 3513 amictus
878 3451 1074 3530 temperantia
1099 3447 1228 3511 ornatis·
