3025 4409
545 495 682 552 Emonia
699 494 803 550 Noriea
821 496 910 551 tertia.
1116 505 1175 569 211

279 649 335 710 snb
356 667 448 709 errice
467 662 635 729 gementem
649 654 795 716 solamine
809 655 1026 733 aoeeptissimo‚
1048 661 1078 714 et
1093 655 1175 734 quod

278 749 398 819 minime
420 760 672 828 exspectaveram,
694 754 732 815 ab
753 754 921 818 illustribus
937 753 1045 814 Stiriae
1066 773 1175 831 proce-

278 850 363 912 ribus
381 848 519 912 exulibus
538 853 760 930 perhumaniter
777 855 926 930 invitatus‚
942 872 1109 934 generosos
1129 855 1174 914 vi-

277 971 345 1026 ros,
379 950 498 1012 Gallum
529 951 673 1014 baronem
703 956 897 1016 Raoknizium
928 964 957 1016 et
981 954 1175 1016 Francisoum

277 1053 528 1132 christophorum
549 1054 801 1116 Teuienbaebium
830 1057 988 1118 munificos
1018 1061 1047 1116 et
1072 1055 1174 1134 hospi-

277 1154 353 1216 tales
374 1163 516 1234 expertus
538 1173 620 1223 sum,
647 1174 777 1234 quornm
804 1157 851 1218 hie
878 1157 907 1220 in
929 1155 1048 1235 Vogelii
1066 1155 1174 1236 jumn-

277 1254 391 1317 dissimi
411 1254 492 1316 senis
514 1255 602 1316 horto
628 1256 803 1318 suburbano
825 1279 894 1318 cum
915 1257 1078 1319 baronibus
1099 1260 1175 1320 Her-

277 1355 450 1430 bersteinio‚
472 1355 739 1435 Windisohgrazio‚
759 1357 927 1420 Joebstelio
950 1359 1174 1440 eorundemque

279 1456 459 1535 conjugibus
473 1455 566 1518 lautia
587 1456 670 1517 dedit
690 1459 739 1518 19.
753 1458 848 1538 Sept,
869 1457 952 1537 quod
969 1457 1047 1532 idern
1062 1461 1174 1538 postri-

279 1558 329 1618 die
353 1557 483 1620 imitatus
502 1558 630 1634 BaJerus
657 1557 688 1618 in
709 1556 870 1620 Suabianis
896 1556 990 1620 hortis
1016 1569 1175 1636 praesente

278 1658 429 1720 Sauberto
455 1667 485 1719 et
505 1656 600 1718 Marci
625 1675 695 1716 eum
720 1657 784 1718 snis
811 1665 842 1718 et
868 1659 905 1718 D.
922 1659 1055 1720 Braunio
1077 1660 1175 1722 hilari-

278 1766 339 1820 tate
359 1778 422 1820 non
443 1759 559 1820 minore
575 1757 729 1838 praestitit.
762 1758 831 1819 Abii
851 1757 921 1820 inde
939 1757 1175 1838 Onolspachium

279 1864 329 1924 23.
342 1863 426 1942 Sept.
447 1879 558 1938 magna¹
579 1877 633 1938 spe
658 1877 756 1936 nuper
783 1865 895 1938 nuptos
921 1857 1072 1938 principes
1103 1860 1174 1922 sub·

279 1963 370 2024 misse
389 1961 538 2024 invisendi
558 1967 589 2022 et
608 1959 737 2033 amiooS,
756 1965 888 2020 veterem
911 1959 1030 2040 quidem
1049 1960 1175 2022 'lobiam

279 2063 430 2142 hpoldum
458 2063 480 2138 j.
499 2082 525 2123 e.
548 2060 676 2141 principi
699 2081 718 2120 a
748 2057 898 2133 consiliis,
931 2080 1043 2126 novum
1070 2080 1175 2125 verum

279 2164 348 2226 Job.
366 2160 579 2224 Berchtoldum
606 2181 624 2220 a
650 2160 775 2222 secretis
801 2159 936 2238 epistolis
958 2160 1095 2240 egregiae
1114 2161 1175 2222 vir-

280 2264 353 2326 tutis
373 2272 404 2324 et
424 2262 601 2324 eruditionis
620 2261 716 2322 virum
738 2260 901 2335 salutandi,
923 2261 977 2322 sed
1001 2261 1084 2342 quod
1105 2262 1175 2324 aula

282 2364 380 2426 omnis
400 2364 528 2438 abesset,
549 2363 660 2424 frustra
679 2362 731 2424 lui.
763 2360 890 2422 Unicum
911 2360 972 2422 vidi
987 2360 1174 2441 Majerum*)

278 2468 303 2544 j.
322 2486 349 2526 e.
371 2474 401 2525 et
427 2465 524 2544 ipsum
550 2463 753 2526 consiliarium
782 2469 926 2541 cognatae
946 2461 1078 2524 Rosinae
1099 2465 1175 2528 llar-

280 2565 432 2645 preobtiae
441 2564 588 2639 maritum,
605 2570 676 2642 post
686 2563 772 2622 etiam
787 2562 1038 2640 christophorum
1047 2562 1176 2628 Maeliu-

281 2664 421 2728 rerum²²
431 2665 470 2743 ¹),
488 2665 550 2726 looi
566 2671 597 2726 et
612 2663 740 2725 ducatus
751 2662 911 2724 antistitem
922 2663 1062 2741 primum,
1076 2666 1176 2745 magni

281 2769 375 2848 patris
393 2764 557 2839 aemulum,
579 2764 630 2845 qui
650 2764 733 2844 quod
761 2764 851 2825 domo
872 2762 1031 2839 abhiisset,
1056 2766 1176 2828 veredis

282 2887 330 2930 me
348 2868 513 2940 insecutus,
534 2864 754 2945 perhumaniter
774 2864 805 2926 in
825 2863 981 2926 amicitiam
1001 2863 1177 2928 ulteriorem

281 2967 410 3030 admisit.
450 2967 533 3046 Ergo
559 2965 776 3043 Rottebnrgum
805 2965 842 3024 ad
870 2963 1011 3030 Tubarim
1035 2965 1178 3028 contendi

282 3071 334 3131 Μ
347 3068 440 3146 Sept,
460 3066 512 3128 ubi
532 3065 563 3127 in
583 3065 739 3144 amplexus
761 3064 811 3126 diu
832 3072 952 3144 optatos
968 3065 1037 3128 Joh.
1053 3064 1178 3146 Georgii

284 3168 415 3232 Stirzelii
443 3167 592 3242 consulis,
628 3166 822 3245 polyhistoris
849 3175 879 3226 et
907 3165 1050 3245 philologi
1077 3164 1178 3228 eximii

285 3271 342 3346 rui,
364 3268 562 3348 insolitaeque
583 3267 770 3330 humanitatis
791 3275 822 3326 et
842 3265 988 3328 comitatis
1008 3264 1104 3326 virum
1128 3284 1176 3324 re-

352 3483 382 3553 l)
399 3480 468 3534 Cod.
487 3487 516 3534 h.
527 3481 557 3534 B.
570 3490 598 3535 et
615 3499 651 3535 a:
673 3480 822 3548 Georgium
841 3480 983 3550 Majerum.

921 3568 983 3632 w
