3025 4409
323 474 363 533 69
601 466 684 521 Liber
699 468 731 521 ll.
766 465 948 521 1614-1620.

325 624 389 686 dies
417 629 451 683 ut
476 630 505 683 et
534 629 695 702 sequentes
724 621 887 701 purgandis
909 620 1015 699 plateis
1038 627 1067 681 et
1089 621 1221 700 compla-

323 724 430 785 nandis
451 722 543 783 ruinis
566 722 664 783 datae:
697 730 759 783 tum
781 721 922 782 submissi
942 720 980 781 ab
1002 720 1153 783 illustriss.
1168 744 1220 801 pa-

325 825 400 893 triae
437 824 573 903 principe
607 824 674 885 Joh.
702 823 859 883 Friderico
891 822 994 901 legati,
1036 822 1151 883 clariss.
1175 824 1222 883 vir

324 926 432 987 Johan.
452 924 599 985 Sattlerus
626 944 643 983 a
669 923 885 985 secretioribus
913 932 942 983 et
963 924 1221 1004 ingeniosissimus

326 1026 474 1087 llenricus
497 1023 697 1085 Schiokardus
718 1025 913 1097 architectus,
935 1025 987 1105 qui
1008 1045 1111 1085 coram
1131 1026 1221 1104 tragi-

325 1145 379 1187 cae
405 1144 514 1187 scenae
539 1125 643 1185 faciem
665 1126 940 1205 contemplarentur
962 1135 991 1187 et
1010 1135 1150 1187 accurata
1170 1126 1222 1187 de-

324 1225 486 1287 lineatione
512 1226 668 1287 referrent.
725 1225 806 1302 Quin
833 1227 894 1287 imo
923 1226 960 1285 ad
988 1245 1130 1305 vesperas
1155 1228 1222 1305 ipse

325 1326 505 1413 clementias
531 1325 672 1404 princeps
700 1347 767 1387 cum
799 1327 894 1406 princ.
922 1327 1013 1388 fratre
1045 1330 1082 1389 D.
1106 1328 1223 1389 Achille

325 1426 445 1487 advenit
466 1425 575 1505 exiguo
598 1427 739 1486 comitatu
768 1434 797 1486 et
818 1427 982 1505 spectaculi
1003 1448 1095 1507 supra
1116 1430 1222 1489 famam

326 1527 445 1587 miseria
472 1526 572 1587 intime
604 1534 715 1600 tactus,
747 1526 861 1606 popelli
886 1528 934 1589 sui
966 1528 1161 1589 calamitatem
1193 1539 1223 1591 at

324 1628 402 1689 tristi
423 1647 518 1689 coena
539 1634 569 1687 et
589 1626 726 1707 pervigili
745 1635 835 1688 nocte
855 1628 1041 1689 memorabili
1055 1630 1222 1690 condoleu-

324 1729 364 1789 tia
390 1737 436 1789 est
461 1737 656 1808 prosecutus;
689 1748 788 1808 neque
814 1727 925 1789 diutius
951 1728 992 1789 ibi
1019 1739 1223 1793 commoratus

323 1830 361 1889 ad
382 1829 536 1911 sequentis
557 1829 615 1889 diei
637 1824 788 1891 meridiem
802 1836 873 1909 post
886 1828 1032 1908 prolixam
1048 1831 1223 1893 clementiae

324 1930 571 1993 contestationem
610 1938 639 1991 et
673 1930 800 1993 subsidii
829 1930 945 1990 ferendi
975 1930 1222 2010 pollicitationem

322 2031 448 2112 lugenti,
467 2030 571 2092 similis
603 2030 750 2091 discessit.
804 2030 898 2091 Paulo
929 2040 999 2111 post
1030 2032 1157 2093 ecclesia
1184 2033 1221 2095 iis

324 2152 452 2212 quorum
473 2129 598 2193 sarcinis
621 2130 735 2209 repleta
756 2137 832 2204 erat,
860 2139 1008 2205 reserata,
1034 2134 1221 2195 confusionis

323 2232 380 2295 alia
404 2252 495 2293 scena
522 2228 606 2290 edita'
626 2239 680 2292 est.
729 2230 805 2291 Nam
828 2230 1020 2292 formicarum
1041 2233 1135 2294 instar
1156 2235 1220 2295 sive

323 2332 502 2393 crabronum
529 2330 630 2409 potius
652 2330 756 2409 palans
778 2331 911 2410 populus
932 2340 984 2393 aut
1003 2333 1096 2393 nimio
1118 2355 1219 2396 rerum

322 2452 444 2493 suarum
466 2430 630 2503 desiderio,
658 2438 710 2493 aut
730 2432 829 2491 furum
851 2432 903 2513 qni
924 2433 1156 2513 frequentissimi
1177 2435 1220 2495 si-

321 2532 383 2593 mul
404 2552 439 2591 ac
460 2529 717 2609 impudentissimi,
740 2541 831 2608 metu,
854 2552 891 2592 eo
907 2532 1048 2609 clamore,
1064 2536 1174 2614 jurgiis
1189 2546 1220 2597 et

321 2632 447 2711 strepitu
476 2638 534 2691 tam
562 2629 753 2691 multiformia
781 2641 811 2692 et
838 2633 951 2693 infinita
977 2654 1075 2713 prope
1099 2636 1219 2697 aedium

321 2733 517 2794 instrumenta
538 2732 702 2806 invaserat,
724 2740 757 2793 ut
778 2752 796 2791 a
816 2732 964 2795 seditione
983 2754 1089 2814 parum
1109 2734 1218 2799 abesse

321 2834 503 2909 crederetur,
527 2843 556 2895 et
576 2832 827 2908 accusationibus,
848 2834 1113 2914 pernegationibus
1133 2836 1218 2897 iude-

321 2954 380 3015 que
405 2934 520 3011 injuriis
548 2934 648 2997 omnia
674 2940 906 3013 perstreperent.
945 2936 1030 2995 Hanc
1052 2936 1096 2997 rei
1116 2936 1217 2999 defor-

319 3034 448 3095 mitatem
476 3043 510 3096 ut
536 3034 691 3109 cohiberet
716 3034 863 3097 ecclesiae
889 3035 1035 3109 decanus,
1069 3036 1218 3097 Melchior

318 3136 490 3215 Bengelius,
513 3155 681 3197 conscenso
703 3142 847 3215 suggestu
868 3134 1009 3214 gravibus
1031 3136 1131 3199 verbis
1152 3149 1216 3199 tur-

318 3236 386 3297 bam
412 3235 558 3297 turbidam
587 3243 617 3297 et
638 3235 800 3297 Christiani
825 3236 916 3296 officii
938 3246 968 3297 et
988 3238 1151 3299 modestiae
1172 3239 1215 3299 ci-

318 3336 385 3397 vilis
408 3342 453 3397 est
473 3336 659 3411 adhortatus,
689 3355 765 3417 quae
791 3343 889 3397 tamen
910 3336 968 3397 nisi
990 3336 1138 3400 distractis
1160 3338 1215 3399 im·

317 3435 497 3515 pedimentis
519 3437 563 3514 (id
586 3437 668 3517 quod
690 3437 770 3497 dicto
793 3437 881 3499 citius
902 3438 1027 3510 factum)
1048 3460 1115 3500 cum
1137 3459 1214 3501 non-

317 3536 468 3599 nullorum
498 3536 656 3617 dispendio
689 3537 738 3597 vix
764 3537 921 3617 acquievit.
976 3539 1103 3617 Purgata
1129 3559 1214 3601 sacra
