3025 4409
366 505 429 567 Μ
633 497 715 551 cruor
731 496 775 550 vr.
811 497 994 554 reta-nra.

369 657 451 718 Casu
470 652 649 718 notabiliore
669 651 824 731 perierunt
844 656 983 716 incendio
999 653 1205 732 Roteburgum
1222 657 1263 716 ad

369 757 493 819 Nicrum
514 759 543 818 9.
555 755 641 834 Aug,
663 753 771 816 domus
784 755 1053 836 Griiningeriorum
1071 756 1148 816 avita
1165 757 1263 817 Wini—

371 857 427 919 dae
454 859 503 918 24.
523 855 595 917 tulii
612 862 652 915 'et
676 854 799 916 fulmine
834 863 943 918 tactum
969 857 1111 916 horreum
1139 857 1264 918 Davidis

372 956 515 1038 Speidelii
533 957 630 1018 affinis
652 954 805 1016 Constadii
825 959 853 1016 7.
865 957 940 1034 Aug.
963 976 1030 1016 cum
1052 956 1117 1016 aliis
1138 957 1264 1018 aedibus

372 1056 573 1136 conflagravit.
606 1057 749 1117 Ausimne
768 1056 877 1115 addere
898 1056 935 1115 ad
957 1056 1067 1115 calcem
1090 1056 1265 1130 domestica,

373 1156 544 1219 columbum
570 1176 668 1218 meum
694 1156 856 1216 decennem
890 1175 927 1216 ex
955 1155 1096 1216 Calvensi
1122 1157 1264 1218 incendio

374 1257 516 1336 elapsum,
544 1256 635 1316 mirae
654 1254 819 1316 festivitatis
841 1265 870 1316 et
891 1256 1046 1328 audaciae,
1069 1263 1102 1316 ut
1123 1277 1190 1318 cum
1213 1277 1265 1318 ca-

374 1357 462 1418 nibus
480 1362 510 1415 et
527 1356 600 1416 catis
616 1356 860 1435 congrederetur,
881 1358 965 1418 senio
982 1357 1123 1429 inlesit,
1139 1363 1169 1417 et
1185 1357 1265 1418 Gor·
1374 1407 1375 1418 ,

375 1457 491 1530 culum,
521 1454 725 1536 augustanum
760 1455 897 1516 catellum
928 1457 1152 1518 blandissimum
1177 1457 1265 1536 lapsu

376 1556 514 1619 3⁰.Nov.
536 1557 698 1631 extinctos,
719 1555 869 1616 tolerabili
889 1561 980 1619 totius
1002 1559 1108 1619 dornus
1130 1562 1161 1614 et
1180 1556 1264 1616 fami·

375 1658 433 1719 liae
458 1656 638 1718 infelicitatis
665 1657 706 1733 (si
727 1657 772 1716 fas
794 1663 839 1717 est
861 1658 974 1735 dicere)
996 1657 1124 1738 piaculo.

418 1757 548 1834 Quintus
573 1763 644 1837 post
670 1757 925 1839 quadragesimum
953 1761 1091 1837 corporis
1118 1757 1265 1836 languore

377 1865 407 1919 et
424 1857 534 1938 ingenii
548 1864 672 1935 torpore
687 1856 815 1919 difficilis
835 1859 903 1919 mihi
921 1878 1055 1937 magnam
1068 1866 1182 1938 partem
1195 1859 1264 1929 fuit;

375 1980 444 2021 uam
471 1977 548 2040 quae
575 1976 623 2016 me
650 1958 706 2018 sub
732 1957 823 2018 finem
852 1959 1016 2038 superioris
1036 1959 1105 2019 anni
1126 1960 1266 2020 cachexia

376 2059 530 2140 corripuit,
550 2057 581 2116 in
595 2057 706 2134 Majum
725 2077 822 2139 usque
839 2079 971 2120 mensem
987 2059 1101 2121 duriter
1121 2061 1265 2136 exercuit,

376 2182 412 2223 ea
432 2170 530 2223 tamen
552 2157 763 2233 alternatione,
790 2164 823 2218 ut
842 2161 1086 2222 antemeridianas
1111 2162 1201 2222 horas
1222 2160 1265 2222 la-

375 2263 515 2337 boribus,
536 2257 753 2338 pomeridianas
773 2259 949 2322 torminibus
967 2261 1176 2340 impenderim,
1200 2263 1265 2342 qui-

375 2361 434 2423 bus
465 2360 619 2439 abigendis
649 2379 717 2420 cum
754 2358 936 2420 medicorum
972 2361 1099 2423 consilio
1132 2360 1266 2424 scidulas

377 2461 576 2521 'fainacenses
589 2458 798 2537 2⁰.Maji²⁴⁵)
817 2460 953 2522 adiissem
972 2462 1141 2541 frustraque
1157 2479 1265 2539 essem,

378 2561 498 2621 domum
520 2558 613 2620 Calva
640 2560 689 2621 18.
701 2559 783 2619 lunii
810 2570 962 2624 revertens
990 2563 1077 2643 lapsu
1103 2561 1173 2641 equi
1194 2563 1266 2624 sini-

378 2667 473 2722 strum
493 2680 572 2740 genu
597 2660 726 2740 graviter
751 2659 843 2720 afflixi
872 2662 1011 2743 domique
1033 2660 1088 2724 sub
1110 2661 1266 2741 exquisitis
1372 2719 1373 2724 ,

379 2758 536 2821 doloribus
555 2761 593 2820 ad
619 2761 660 2821 23
680 2780 776 2841 usque
796 2762 868 2823 lulii
890 2761 1005 2838 delitui,
1027 2780 1087 2842 quo
1106 2760 1265 2824 interstitio

378 2862 522 2924 stomachi
546 2863 649 2924 vitium
674 2869 826 2942 utcunque
856 2864 981 2940 remisit,
1014 2861 1141 2923 Octobri
1167 2873 1265 2925 tamen
1371 2917 1372 2962 q

378 2981 481 3023 mense
500 2963 662 3038 recruduit,
684 2963 766 3042 quod
786 2963 903 3041 malum,
926 2985 993 3026 cum
1014 2963 1045 3023 in
1064 2984 1190 3026 vernum
1211 2968 1266 3027 hu·
1371 2991 1372 3024 t

373 3064 425 3140 jus
446 3063 515 3124 anni
535 3069 652 3142 tempus
673 3062 730 3123 iter
749 3063 788 3123 ad
801 3063 968 3144 Angustum
988 3063 1152 3143 prinoipem
1167 3084 1266 3127 meum

379 3163 478 3225 animo
504 3163 713 3239 destinassem,
741 3184 858 3226 omnem
886 3183 981 3226 meam
1002 3183 1084 3243 spem
1106 3174 1136 3226 et
1156 3185 1266 3228 conce-

378 3271 461 3344 ptum
486 3264 625 3344 gaudium
651 3265 831 3341 intervertit,
861 3266 915 3327 sed
942 3263 1072 3326 vicissim
1099 3265 1266 3328 incommo-

379 3366 463 3442 dum,
489 3365 573 3446 quod
601 3383 638 3424 ex
666 3365 815 3446 legatione
842 3366 1072 3445 campidonensi
1098 3366 1210 3428 infelici
1237 3375 1267 3427 et

378 3466 562 3528 infructuosa
591 3465 669 3526 baud
701 3465 792 3527 dubio
829 3466 899 3527 mihi
932 3465 1114 3542 imminebat,
1149 3467 1264 3542 avertit,

378 3566 465 3628 initio
485 3578 582 3628 tamen
602 3567 680 3641 anni,
702 3575 735 3627 ut
754 3566 925 3628 consistorii
945 3585 994 3628 res
1011 3567 1104 3647 magis
1124 3567 1265 3628 fulciren-
