3025 4409
321 488 361 547 46
593 478 674 532 Liber
692 479 721 531 ll.
760 477 942 533 toti-leno.

319 638 472 717 praelecto
500 636 610 710 nobili,
643 656 690 697 me
711 634 833 715 ignaro,
854 636 934 714 typis
962 635 1212 714 Montispelicard·

321 736 508 811 commissus,
531 736 660 816 quicum
678 735 810 796 cordatis
827 755 888 795 uon
907 736 1089 815 displiceret,
1107 739 1216 798 sociuu

320 837 497 917 provocavit
522 835 682 897 Herculem
709 834 927 912 Christianum,
955 837 1066 898 Christ.
1088 839 1218 900 Besoldc

321 938 512 1017 inscriptum,
540 956 601 1015 quo
624 936 748 997 Tobiam
771 938 899 996 Hessnm
922 957 1010 1017 quem
1040 939 1136 1016 palam
1158 940 1221 999 lau-

322 1039 394 1099 dare
416 1056 476 1097 nou
498 1035 620 1109 licebat,
648 1056 702 1115 per
723 1037 881 1097 involucra
902 1039 1057 1116 expressi,
1080 1050 1109 1099 et
1133 1039 1221 1100 Chri-

321 1138 503 1201 stinuismnm
526 1135 695 1213 genuinum.
734 1138 803 1198 Fuit
819 1148 849 1198 et
864 1137 1010 1199 Hercules
1026 1140 1151 1201 eruditis
1167 1160 1207 1199 vo

320 1237 440 1319 luptati,
468 1256 485 1297 e
512 1235 620 1315 quibus
650 1237 780 1297 Eilhardi
808 1236 978 1303 Lubini⁷'l
1006 1239 1138 1318 theologi
1159 1260 1221 1299 ma-

321 1358 397 1418 gnus
417 1336 541 1417 plausus
563 1337 633 1413 fnit,
661 1338 711 1418 qui
739 1359 806 1398 cnm
830 1358 875 1397 me
896 1340 1030 1399 certatim
1053 1339 1221 1413 invitarent,

316 1438 445 1517 juvenili
475 1438 655 1498 confidentia
676 1439 791 1514 majora
814 1458 906 1499 ausus
928 1438 1100 1500 Turbonem
1123 1440 1153 1500 iu
1176 1440 1221 1500 fo-

322 1562 386 1603 rum
414 1539 496 1601 abire
518 1557 625 1617 passus
643 1558 724 1612 sum,
755 1539 806 1619 qui
829 1538 942 1617 pridem
964 1538 993 1598 in
1016 1539 1141 1601 aedibus
1162 1540 1222 1599 Ha-

321 1640 470 1702 lenrefferi
492 1640 619 1719 ipsoque
641 1639 858 1699 manuductore
880 1646 967 1699 natus
990 1648 1019 1699 et
1040 1641 1219 1713 nominatus,

320 1742 463 1803 hactenus
491 1761 606 1801 mecum
630 1741 804 1802 latitaverat.
852 1739 995 1801 Prodiere
1018 1740 1105 1801 simul
1126 1742 1221 1802 Axio-

320 1838 460 1912 mata⁷²)
491 1841 615 1903 Besoldi
645 1840 827 1919 theologica,
867 1840 936 1901 mibi
964 1841 1120 1920 inscripta,
1153 1861 1221 1903 cum

321 1943 421 2003 Theca
440 1939 530 2019 gladii
552 1942 697 2020 Spiritum,
724 1943 822 2002 Hesso
845 1942 1001 2020 imputata,
1028 1942 1117 2021 plane
1144 1963 1218 2005 mea.

321 2040 474 2103 Successit
495 2042 611 2103 demum
635 2051 704 2120 post
725 2062 813 2102 unam
839 2042 1023 2123 alteramque
1049 2044 1087 2102 ad
1114 2044 1219 2105 irater-

320 2144 440 2205 uitatem
464 2140 574 2201 Christi
595 2142 801 2202 invitationem
829 2142 958 2204 ludibrio
980 2144 1023 2203 illi
1044 2144 1218 2205 Roseucrn-

320 2244 406 2304 ciano
429 2240 612 2320 oppositam,
642 2240 692 2301 ille
720 2242 829 2319 plenus
851 2242 1025 2318 invidia⁷³)
1046 2235 1217 2326 Menippus,

319 2344 432 2405 liberae
459 2341 513 2403 sed
538 2339 678 2401 innoxiae
705 2341 825 2421 liuguae
850 2342 965 2416 loetus,
995 2344 1134 2423 quicum
1157 2353 1216 2407 tam

319 2443 450 2505 cordatis
472 2440 684 2515 allubesceret‚
708 2462 795 2521 quam
818 2451 966 2520 pungeret
987 2445 1152 2522 vecordes,
1172 2446 1216 2507 di-

318 2566 408 2607 versa
428 2542 587 2605 admodum
610 2550 692 2603 sorte
715 2549 858 2620 exceptus
881 2548 935 2615 est,
957 2562 1025 2602 cnm
1039 2542 1112 2605 boni
1133 2545 1216 2625 iuge-

318 2666 407 2709 nuam
428 2664 565 2707 errorum
586 2649 759 2705 nostrorum
779 2641 1000 2705 confessionem
1020 2644 1217 2723 admitterent,

317 2746 388 2807 mali
408 2745 484 2806 male
505 2744 562 2805 sibi
584 2743 698 2805 conscii
716 2744 754 2803 ad
772 2763 855 2804 suam
873 2744 1011 2821 injuriam
1029 2758 1215 2816 revocarent.

317 2849 378 2925 Qui
402 2847 492 2910 bilem
517 2866 601 2909 suam
628 2851 733 2905 contra
762 2843 943 2919 effuderunt,
973 2844 1029 2905 viri
1056 2848 1159 2926 optimi
1188 2861 1218 2909 et

316 2947 566 3021 innocentissimi,
595 2943 713 3007 ridiculi
738 2944 874 3020 luerunt,
902 2947 955 3007 sed
976 2946 997 3005 ii
1017 2948 1155 3024 prolecto
1177 2949 1215 3009 ab

315 3047 381 3109 aliis
402 3047 547 3125 instincti,
570 3046 679 3128 quibus
701 3045 886 3107 conscientia
907 3046 1082 3125 trepidabat,
1105 3057 1156 3111 aut
1176 3050 1213 3111 li-

312 3148 423 3211 vebant
443 3148 569 3224 invidia,
592 3168 627 3209 os
649 3153 678 3207 et
697 3146 842 3208 calamum
862 3150 1106 3222 commodarunt,
1135 3169 1213 3231 quos

311 3249 504 3311 nibilominus
521 3248 602 3311 omni
620 3248 744 3327 posthac
763 3247 823 3308 vita
840 3258 1014 3309 reverenter
1029 3249 1127 3324 habui,
1149 3270 1211 3312 uuo

312 3369 416 3413 scurra
430 3357 567 3429 excepto,
589 3348 641 3431 qui
652 3348 708 3409 sub
727 3347 786 3407 alio
803 3348 931 3428 tegmine
944 3349 1088 3413 laceravit
1098 3352 1210 3430 optime

310 3450 348 3511 de
368 3470 401 3513 se
423 3450 569 3511 meritum.
620 3448 779 3511 Caeterum
807 3450 889 3530 quod
911 3451 1008 3511 Deum
1036 3458 1139 3513 sancte
1165 3463 1210 3513 te-

309 3558 382 3627 stor,
404 3572 466 3617 nou
488 3572 524 3614 ea
544 3550 613 3613 mihi
634 3550 800 3613 insectandi
821 3549 986 3631 petulantia
1000 3550 1065 3621 luit,
1088 3560 1208 3615 autno-
