3025 4409
504 1302 653 1385 tisun
685 1303 924 1396 tutunus.

640 1483 789 1494 —a--o-n·

382 1621 552 1678 SEQUENS
585 1624 818 1670 NOVENNIUM
849 1627 1048 1668 GALVENSE.

266 1737 310 1838 Α
343 1774 495 1851 trigesimo
527 1774 631 1835 salutis
660 1780 782 1835 nostrae
808 1782 879 1854 post
911 1775 1161 1836 sexcentesimum

268 1893 348 1934 anuo
368 1893 466 1934 novae
485 1875 562 1935 telae
583 1882 697 1935 sumen
719 1875 836 1950 ordiar,
863 1875 945 1955 qnod
968 1876 993 1934 is
1015 1881 1045 1934 et
1065 1873 1160 1934 scala-

266 1975 308 2034 ris
330 1982 360 2034 et
380 1974 526 2054 evangelii
546 1975 642 2037 renati
655 1975 794 2054 publicae
813 1974 997 2036 confessioni
1007 1973 1160 2050 jubilaeus

266 2073 365 2135 fuerit.
407 2075 436 2135 ls
462 2075 532 2134 milri
556 2077 721 2138 amicornm
746 2074 911 2136 calamitate
940 2083 969 2134 et
994 2073 1160 2135 coenobio-

266 2195 331 2236 rum
354 2175 442 2251 hujus
463 2176 587 2238 ducatus
609 2176 825 2238 deformatione
844 2175 936 2236 tristis
956 2175 1089 2236 redditus
1104 2182 1158 2237 est.

265 2275 342 2336 Nam
360 2295 427 2336 oum
444 2275 622 2338 Wilhelmus
642 2275 871 2338 Bidembaehius
881 2275 904 2352 j.
919 2295 944 2335 e.
958 2279 1064 2338 neseio
1083 2295 1161 2357 quo-

266 2395 332 2436 rum
353 2375 575 2453 importunitate
596 2377 689 2436 malae
709 2376 781 2437 fidei
802 2375 931 2451 delatus,
956 2386 1046 2457 atque
1067 2377 1108 2438 ob
1129 2377 1161 2438 id

266 2475 367 2538 subito
393 2470 535 2554 'abreptus
561 2497 597 2538 ae
624 2478 711 2538 Uraoi
738 2476 893 2538 custodiae
918 2476 1044 2538 traditus
1070 2483 1159 2554 esset,

266 2574 432 2636 calumniae
452 2576 523 2636 mihi
544 2576 608 2638 suit
648 2577 711 2638 Sed
732 2597 800 2637 cnm
822 2595 878 2636 nee
899 2575 930 2636 iu
950 2576 1018 2655 ipso
1037 2577 1160 2638 Bidem-

266 2675 374 2736 baehio
402 2677 490 2755 culpa
519 2676 702 2756 reperiretur
727 2682 757 2737 et
782 2683 903 2738 autores
929 2677 998 2737 iacti
1024 2678 1159 2756 poenite-

266 2781 325 2837 ret:
347 2794 447 2836 meum
468 2777 554 2838 etiam
576 2776 751 2856 periculum,
773 2795 835 2836 non
857 2776 922 2838 sine
942 2777 1160 2840 malevolorum

265 2893 386 2950 morsu,
414 2876 542 2938 evanuit.
593 2877 667 2936 lllox
695 2895 763 2936 eum
790 2876 933 2936 baronem
954 2877 1160 2941 Francomou-

265 2974 422 3053 tium¹¹⁸)
451 2978 545 3038 durus
572 2984 601 3037 et
624 2975 745 3056 iniquus
765 2985 851 3054 pater
871 2976 911 3037 ob
933 2977 1159 3042 Sueuckleldia-

265 3077 354 3138 uismi
374 3077 574 3138 desertionem
594 3088 725 3153 vexaret,
746 3097 783 3138 ac
803 3077 874 3138 mihi
894 3078 980 3140 etiam
997 3078 1159 3157 plurimum

266 3185 474 3247 succenseret3
496 3197 588 3240 ausus
608 3199 673 3240 sum
693 3178 780 3238 brevi
795 3177 944 3257 Apologia
958 3179 1159 3242 innocentiam

266 3278 323 3338 viri
343 3279 447 3338 testari
468 3285 498 3338 et
517 3278 680 3340 calumnias
700 3279 823 3358 spiritus
848 3278 969 3340 subdoli
988 3282 1159 3354 retundere,

266 3378 351 3457 quod
372 3377 510 3438 solamiui
530 3386 588 3440 tam
609 3386 729 3440 tenerae
758 3387 787 3440 et
810 3380 936 3442 afflictae
958 3379 1159 3442 conscientiae

266 3476 320 3537 filii
342 3477 435 3538 luisse
453 3479 643 3558 deprehendi.
679 3483 776 3542 Porro
792 3482 880 3542 etiam
894 3479 1044 3542 Erhardus
1056 3479 1160 3540 Mach-

266 3578 389 3656 tolplms
409 3585 566 3660 postquam
584 3580 781 3661 quadriennio
795 3581 917 3644 Durlaoi
933 3580 1093 3658 episcopus
1105 3600 1157 3659 ge-
