3025 4409
350 499 411 558 ως
613 486 695 539 aroer
711 483 756 537 ιιι.
791 479 976 535 teau-tuor.

350 653 406 712 nris
421 645 611 710 Cellensibus
631 647 767 704 uteretur
786 659 821 700 ac
847 657 932 698 suam
955 634 1111 698 amicitiam
1134 641 1244 714 sponte

349 753 481 824 offerret,
502 751 620 808 caetera
635 740 874 814 humanissimus,
896 737 950 798 sed
972 735 1244 798 Schwenclrleldia-

349 855 396 915 nis
424 848 579 912 erroribus
604 844 761 903 immersus
788 859 823 900 ac
849 858 917 898 curn
945 836 980 897 iis
1007 835 1139 914 luctans,
1166 838 1245 900 viam

351 953 460 1017 mutuis
485 943 646 1025 colloquiis
672 963 708 1002 ac
735 937 949 1019 scriptionibus
971 938 1106 1017 aperuit,
1135 939 1244 1019 quibus

349 1053 481 1138 propitio
493 1047 615 1111 Christo
635 1064 672 1104 eo
687 1043 858 1122 profectum
874 1049 928 1115 est,
950 1047 983 1100 ut
1000 1039 1193 1119 opinionibus
1205 1041 1244 1101 de

349 1156 438 1219 nobis
454 1151 574 1214 sinistre
589 1143 744 1223 conceptis
763 1143 885 1203 liberet
902 1159 1049 1218 nugarum
1066 1139 1244 1200 Schwenclr-

349 1257 545 1318 leldianarum
571 1255 726 1328 pertaesus
754 1263 788 1304 se
819 1241 906 1302 nobis
934 1239 1013 1300 serio
1040 1239 1188 1300 addixerit
1214 1247 1244 1302 et

350 1359 440 1419 tidem
460 1373 544 1415 suem
564 1348 663 1411 multis
684 1341 845 1426 praeclaris
867 1340 1078 1420 speciminibus
1099 1341 1242 1402 hactenus

350 1456 499 1538 probarit,
528 1473 577 1514 me
598 1469 672 1511 vero
701 1444 823 1518 exinde,
857 1443 939 1522 quod
966 1441 1154 1502 ambitiosum
1180 1461 1243 1502 non

351 1559 398 1634 sit,
418 1557 502 1618 velut
521 1560 636 1633 patrem
656 1567 743 1610 suurn
755 1543 939 1624 spiritualem
956 1541 1176 1622 perhumaniter
1189 1562 1243 1603 co-

350 1658 449 1720 luerit.
481 1654 587 1733 Sopita
607 1647 771 1712 monetaria
791 1651 885 1726 peste,
908 1663 984 1724 quae
1006 1663 1053 1702 me
1073 1644 1160 1703 etiam
1172 1643 1242 1704 800.

351 1757 470 1820 circiter
489 1753 613 1816 florenis
634 1749 777 1823 emunxit,
800 1754 829 1808 et
854 1745 998 1807 restitutis
1020 1751 1179 1824 utcunque
1194 1763 1243 1803 re-

350 1880 417 1922 rum
436 1857 551 1938 pretiis,
573 1874 641 1916 cum
661 1847 856 1912 nibilominus
877 1865 977 1907 rerum
998 1843 1130 1905 oninium
1145 1846 1242 1922 penu-

351 1963 394 2022 ria
413 1961 567 2022 tenuiores
585 1955 770 2016 laborarent:
793 1947 922 2026 primunr
941 1942 1155 2008 mendicabulis
1176 1962 1242 2004 om-

349 2063 399 2123 nia
421 2059 551 2139 compita
576 2061 707 2126 scatere,
736 2049 805 2110 dein
833 2047 931 2125 posita
951 2045 1132 2108 verecundia
1159 2043 1241 2105 cives

350 2165 439 2225 etiam
455 2156 615 2221 immisceri
634 2153 683 2227 iis,
705 2160 735 2212 et
747 2147 954 2210 ociosissirnus
967 2147 1055 2224 juxta
1072 2145 1242 2224 flagitiosis-

350 2267 503 2342 simusque
520 2259 647 2340 quisque
666 2271 772 2333 panem
790 2247 918 2308 alienum
939 2266 1075 2325 poscere.
1112 2244 1190 2308 Cum
1211 2245 1241 2306 id

350 2364 452 2426 oneris
477 2357 670 2439 paucioribus
696 2359 810 2412 tanturn
831 2346 1031 2422 incumberet,
1058 2365 1114 2408 uec
1141 2346 1170 2408 ei
1197 2347 1241 2406 fe-

350 2464 446 2525 rendo
468 2466 583 2531 essent,
611 2453 699 2533 coepi
726 2453 763 2511 de
788 2447 980 2529 aequioribus
1000 2447 1165 2509 rationibus
1188 2467 1241 2508 co-

350 2567 461 2647 gitare,
493 2558 602 2640 quibus
627 2552 784 2616 alimoniae
811 2550 960 2628 egentium
986 2549 1093 2610 civium
1123 2547 1242 2627 prospi-

350 2673 478 2737 ceretur,
500 2667 530 2721 et
552 2656 650 2738 ignavi
669 2653 729 2715 fuci
749 2652 949 2730 abigerentur.
986 2653 1087 2729 ltaque
1107 2648 1157 2708 vix
1175 2653 1240 2710 ten-

350 2769 418 2828 dem
437 2760 583 2845 persuasi,
602 2766 636 2819 ut
652 2754 779 2817 collecte
793 2771 830 2812 ex
845 2751 959 2813 civibus
978 2750 1055 2828 stipe
1071 2748 1242 2810 tenuiorum

348 2863 437 2928 liberi
456 2865 487 2924 in
508 2859 698 2923 xenodochio
719 2858 766 2919 bis
782 2856 829 2916 die
848 2857 1052 2932 pascerentur,
1076 2849 1191 2910 effoetis
1211 2857 1242 2912 et

349 2965 447 3046 aegris
468 2963 549 3024 domi
569 2961 759 3040 eleemosyna
776 2955 981 3038 porrigeretur
997 2959 1027 3014 et
1047 2951 1099 3032 qui
1119 2950 1241 3012 subolae

349 3073 401 3128 ant
428 3063 550 3144 opificio
584 3062 685 3124 idonei
718 3067 819 3122 essent
852 3054 1009 3135 persoluto
1038 3053 1173 3114 didactro
1202 3069 1239 3112 eo

350 3169 588 3231 admoverentur.
630 3161 695 3222 Nec
722 3160 801 3221 ultra
829 3177 896 3219 cum
923 3155 1010 3234 plura
1040 3160 1241 3234 pertentarem

350 3267 492 3351 progredi
519 3271 582 3326 tum
608 3263 708 3339 licuit,
736 3260 830 3322 invito
857 3258 1033 3339 plerumque
1057 3255 1095 3316 ad
1120 3253 1240 3316 saniora

350 3368 476 3433 consilia
515 3371 620 3426 senatu
664 3369 694 3423 et
733 3360 841 3422 civium
882 3358 992 3420 rectius
1033 3354 1240 3418 consultorum

350 3465 613 3553 promptitudinem
645 3468 806 3523 avertente.

392 3574 515 3634 lneunte
543 3567 631 3628 1626.
658 3583 754 3637 anno,
788 3569 820 3622 ut
846 3559 1059 3639 simpliciorum
1088 3555 1240 3618 devotioni
