3025 4409
335 493 374 553 50
602 486 686 541 cuer
702 488 734 541 u.
769 484 955 540 ura-mac.

336 650 383 705 sto
404 643 487 703 tratri
508 641 699 703 dilectissimo
721 643 780 701 hoc
800 641 839 701 N.
851 643 885 702 T.
897 641 1153 703 Graeco-latinum
1171 639 1242 704 tra-'

337 754 423 806 terno
445 745 551 805 attactu
573 749 602 802 et
623 742 722 803 studio
744 742 831 803 offert

786 842 923 903 Matthias
944 843 1129 903 Hafenreffer
1148 845 1187 904 Ι).

874 946 903 1003 1.
915 942 1004 1002 Febr.
1021 944 1110 1005 1619.

380 1044 443 1104 Sub
463 1043 491 1101 id
509 1044 652 1122 temporis
673 1062 765 1121 supra
785 1061 904 1103 omnem
924 1061 1019 1101 meam
1032 1043 1229 1121 exspectatio-

339 1164 406 1205 nem
428 1142 549 1220 obtigit,
576 1152 609 1203 ut
637 1162 725 1223 quem
747 1162 804 1221 ego
827 1143 867 1203 ob
889 1162 1031 1203 summam
1054 1143 1165 1221 ingenii
1185 1144 1229 1203 te-

339 1245 477 1305 licitatem
500 1249 529 1303 et
550 1244 697 1305 insolitam
715 1244 912 1303 cruditionem
929 1244 991 1319 jam
1013 1243 1063 1303 diu
1084 1262 1229 1321 suspexe-

340 1364 417 1418 ram,
451 1342 575 1405 illustris
607 1344 654 1403 vir
684 1344 834 1423 Georgius
865 1343 1013 1404 Achacius
1046 1343 1229 1403 Enenkclius

340 1448 419 1505 Baro
442 1443 664 1518 llolrenecciuS‚
687 1452 796 1523 sponte
816 1443 971 1505 amicitiam
994 1464 1077 1505 suam
1098 1444 1228 1517 offerret,

341 1566 434 1605 meam
456 1544 681 1624 elegantissimis
701 1544 796 1605 literis
808 1551 997 1623 provocaret,
1017 1564 1143 1625 quarum
1155 1545 1228 1605 haec

341 1646 437 1705 verba
458 1646 551 1707 tuere.
578 1665 581 1671 ·

384 1747 414 1809 S.
440 1768 468 1825 p.
502 1744 662 1807 Christum.
708 1744 790 1806 Nihil
823 1762 890 1805 esse
922 1743 1076 1805 amabilius
1109 1745 1227 1820 virtute,

343 1846 412 1906 nihil
439 1846 521 1927 quod
549 1845 641 1924 magis
674 1846 809 1907 homines
837 1844 946 1905 alliciat
972 1846 1009 1905 ad
1036 1844 1227 1923 diligendum,

343 1966 409 2007 cum
442 1953 566 2025 propter
592 1946 671 2007 illam
704 1966 757 2007 eos
785 1945 872 2007 etiam
897 1965 975 2026 quos
1006 1966 1157 2025 nunquam
1182 1947 1227 2007 vi-

342 2048 437 2109 dimus
463 2048 630 2126 diligamuS‚
657 2045 767 2107 Cicero
793 2046 847 2106 ait:
879 2046 909 2105 id
935 2046 1005 2106 mihi
1032 2066 1102 2125 erga
1126 2053 1157 2108 te
1180 2048 1229 2108 vir

300 2184 303 2193 ,
342 2147 513 2208 doctissime
530 2147 665 2207 evenisse
684 2146 822 2220 dicerem,
843 2145 901 2207 nisi
920 2145 1074 2206 meliorem
1094 2147 1139 2209 tui
1158 2166 1226 2227 par-

342 2255 415 2321 tem,
435 2247 563 2309 animum
584 2246 717 2325 inquam,
740 2246 882 2324 singulari
902 2245 1083 2321 eruditione,
1100 2247 1226 2323 judicio,

343 2345 473 2407 candore
493 2353 629 2407 ornatum
651 2345 680 2405 in
700 2345 810 2407 libellis
830 2346 888 2407 tuis
907 2346 970 2421 jam
999 2346 1115 2424 pridem
1134 2348 1226 2409 vidis·

344 2465 415 2506 sem.
456 2446 559 2525 ltaque
579 2454 612 2507 ut
632 2445 692 2505 vidi
712 2452 757 2521 te,
779 2444 939 2520 alamani,
961 2453 991 2507 et
1011 2447 1064 2507 abs
1084 2453 1115 2509 te
1135 2449 1226 2509 amari

344 2546 416 2609 etin
434 2545 658 2607 familiaritatem
674 2552 754 2607 tuam
769 2546 912 2609 irnsinuari
923 2546 1097 2609 desideravi.
1134 2549 1226 2625 Quod

343 2656 376 2709 ut
395 2666 475 2707 nunc
501 2646 632 2725 incipere
653 2647 807 2709 decretum
826 2646 909 2720 mihi,
937 2646 978 2707 ita
1003 2648 1117 2727 pridem
1137 2650 1226 2712 lecis-

255 2802 257 2809 ,
343 2767 419 2822 sem,
446 2746 503 2807 nisi
523 2747 626 2809 nascio
648 2748 719 2829 quid
740 2748 817 2809 viam
837 2747 907 2807 mihi
926 2748 1069 2811 incertam
1089 2756 1120 2811 et
1146 2750 1225 2811 dilii-

342 2848 429 2909 cilem
447 2846 634 2911 reddidisset.
675 2849 762 2910 Adeo
787 2853 884 2909 autem
911 2849 951 2909 ad
976 2856 1006 2910 te
1025 2871 1081 2929 per
1100 2850 1226 2911 amicum

337 2966 542 3022 communem,
570 2947 764 3009 clarissimum
788 2948 908 3028 inquam
927 2950 1104 3026 Besoldum‚
1137 2970 1226 3031 quem

342 3054 376 3109 ut
396 3034 499 3107 abste
519 3048 609 3109 amari
630 3048 709 3125 scio,
731 3049 771 3109 ita
790 3068 838 3111 me
857 3048 895 3109 ab
916 3050 969 3111 illo
991 3071 1024 3112 re
1045 3051 1110 3131 ipsa
1131 3059 1161 3112 ct
1180 3052 1224 3111 ta-

343 3147 397 3209 ctis
418 3148 566 3226 experior.
603 3148 737 3225 Accedit,
758 3149 840 3229 quod
860 3156 922 3212 tute
942 3151 1053 3212 aditum
1068 3151 1131 3228 jam
1152 3149 1224 3211 olim

342 3248 478 3311 omnibus
499 3249 657 3327 aperuisti,
684 3248 744 3311 imo
772 3267 876 3311 omnes
896 3250 1091 3312 admiratione
1111 3250 1224 3311 doctri-

341 3370 398 3411 nae
421 3350 597 3430 pietatisque
624 3348 761 3411 invitasti.
807 3348 922 3412 Adsum
947 3350 1038 3430 igitur
1063 3357 1093 3413 et
1118 3370 1166 3411 mc
1193 3352 1224 3413 in

342 3470 445 3512 eorum
465 3469 620 3511 numerum
640 3450 745 3511 reterri
765 3456 846 3528 peto,
868 3452 919 3533 qui
938 3458 968 3513 te
989 3470 1101 3526 amare,
1123 3451 1225 3513 colere

332 3559 450 3633 tuaque
476 3550 642 3612 eruditione
670 3557 699 3611 et
724 3551 860 3613 doctrina
887 3552 918 3613 in
943 3552 1050 3615 melius
1075 3552 1226 3631 proficere

341 3654 472 3734 cupiunt.
515 3651 605 3731 Quod
625 3658 658 3714 ut
677 3650 765 3713 unice
793 3650 946 3729 desidero,
971 3653 1012 3715 ita
1037 3652 1147 3732 scripta
1174 3659 1225 3714 tua
