3025 4409
341 509 494 563 Conversio
504 509 529 565 J.
542 506 726 561 Truchsessii.
754 506 934 562 ddnmhratio
946 510 1081 563 Genevae.
1124 514 1166 577 23

264 666 418 727 meliorem
446 670 589 726 mutatum
617 665 716 725 crucis
743 664 893 725 beneficio
919 666 1099 740 admirarer,
1127 684 1164 727 ac

262 766 354 845 paulo
375 772 446 846 post
467 764 582 844 placida
607 772 704 826 morte
725 765 900 827 amitterem.

302 866 381 927 Cum
395 884 442 926 me
451 866 570 927 Gallico
581 866 680 927 itineri
691 865 836 925 inclinato
846 884 928 927 anno
938 866 1097 941 dedissem,
1109 886 1165 947 per

263 968 387 1042 Ulmam,
409 968 604 1042 Biberacum,
622 966 838 1040 Constantiam,
861 967 1068 1042 Schahrusrm,
1088 969 1150 1029 Ber

261 1088 339 1143 nam,
361 1068 543 1148 Friburgum
562 1071 641 1149 apud
652 1068 814 1129 Nuitioues
825 1067 965 1128 concessi
977 1069 1163 1129 hausaunam

261 1170 299 1228 ad
317 1170 501 1229 Lemannum
518 1170 630 1244 lacum,
660 1168 765 1230 urbem
783 1169 934 1249 antiquam
951 1168 1162 1249 episcopalem,

262 1278 291 1331 et
311 1269 409 1331 nobili
429 1271 532 1331 schola
554 1279 698 1345 ornatam,
720 1280 827 1330 nectus
844 1268 990 1348 hospitem
1008 1268 1163 1331 Danielem

262 1371 443 1445 Surienum,
470 1371 619 1432 Baronem
641 1368 822 1431 Morantium
849 1388 917 1429 cnm
938 1368 1165 1431 convictoribus

262 1471 326 1533 aliis
349 1470 543 1546 BernatibnS,
571 1471 691 1532 duobus
712 1469 872 1543 Eriachiis,
899 1468 1059 1548 Negeiino,
1081 1472 1164 1547 M¹ti⁰

263 1572 490 1651 eorundemque
512 1572 703 1650 paedagogo,
732 1571 831 1630 virum
852 1568 1076 1649 integerrimum
1097 1569 1164 1631 lati·

263 1673 362 1735 nitatis
384 1681 538 1753 utcunque
559 1673 696 1752 peritum.
738 1670 836 1747 Cujus
857 1672 956 1745 irater,
980 1671 1062 1750 qaod
1082 1688 1165 1731 arnse

263 1773 436 1853 Woit‘gangi
462 1773 606 1853 principis
627 1769 782 1850 Bipontini
809 1770 881 1832 olim
903 1778 1027 1831 secutus
1047 1770 1164 1847 suisset,

263 1873 400 1936 nonnihil
422 1873 609 1953 germanicae
630 1871 749 1950 linguae
773 1871 904 1945 retinuit,
927 1879 957 1931 et
976 1889 1040 1930 uon
1054 1871 1164 1931 minori

263 1996 350 2057 quam
380 1973 431 2035 ille
452 1972 662 2034 benevolentia
689 1990 736 2031 me
764 1970 941 2049 complexus
969 1978 1028 2043 est,
1056 1979 1164 2049 postea

264 2077 350 2137 etiam
374 2080 546 2154 opportuna
567 2072 826 2133 commendatione
846 2072 883 2131 ad
901 2072 1098 2132 Geueveuses
1112 2072 1163 2148 ja-

264 2177 311 2237 vit.
362 2174 419 2235 }lic
446 2171 609 2233 Fabritium
637 2173 787 2233 celebrem
812 2173 896 2234 iilum
921 2172 1088 2251 chirurgiae
1115 2192 1164 2233 re·

264 2286 462 2338 staur-ctorem
483 2271 609 2333 aedibus
630 2273 805 2351 contiguum
826 2292 1047 2353 congerrouem
1064 2272 1163 2347 habui,

265 2384 293 2437 et
317 2374 520 2454 negligentius
547 2374 732 2437 aestimatum
754 2374 958 2437 animadverti.
1001 2374 1165 2435 Transacta

264 2478 372 2556 hyeme
396 2482 426 2537 et
446 2492 518 2536 vere
539 2482 714 2553 appetente,
743 2478 895 2537 Geuevsm
917 2474 1002 2549 veni,
1023 2494 1101 2555 quae
1122 2473 1163 2535 ob

264 2596 363 2639 novos
385 2575 517 2639 sabaudi
538 2584 638 2637 motus
659 2575 688 2635 in
710 2576 848 2655 periculo
875 2583 906 2636 et
925 2575 1090 2637 Helveticis
1109 2594 1164 2637 su·

265 2678 343 2741 xitiis
360 2677 495 2755 juvanda
516 2676 580 2737 init.
623 2675 789 2755 Auspicato
808 2676 940 2737 iohanni
954 2676 1083 2737 Scarom
1111 2694 1163 2736 ec-

265 2778 421 2840 clesiastae
442 2776 619 2838 conciliatus
647 2794 713 2839 smu
734 2776 802 2837 viro
822 2777 957 2856 germani
979 2774 1113 2854 pectoris
1134 2782 1165 2837 ei

266 2886 386 2941 mactae
406 2876 616 2953 oeconomiae,
644 2876 937 2957 peregrinationibus
958 2877 1046 2936 ctiam
1066 2883 1097 2937 et
1118 2876 1163 2950 di·

266 2980 362 3042 versis
390 2978 501 3058 linguis
530 2977 666 3052 exculto,
697 2986 815 3039 caetere
843 2977 1024 3056 sophisticae
1046 2976 1163 3039 theolo-

266 3079 330 3157 giae
351 3078 451 3139 minus
473 3086 606 3157 experto.
648 3079 762 3159 Reperi
783 3099 850 3140 eum
872 3079 902 3138 iu
925 3077 1026 3139 irruitis
1046 3078 1164 3139 dissen-

268 3179 404 3241 sionibus
424 3179 537 3241 nostris
557 3181 760 3260 peregrinum,
780 3178 983 3240 adorioribns
998 3179 1085 3239 etiam
1097 3179 1165 3258 opi·

268 3280 408 3342 aionibus
430 3289 460 3342 et
480 3280 636 3342 sententiis
654 3280 794 3342 alienum.
827 3280 1004 3341 Adhucdum
1021 3278 1058 3340 Α.
1074 3277 1165 3339 Faius

270 3388 298 3441 at
315 3382 421 3443 Simon
444 3381 609 3443 Goulartus
636 3382 775 3443 vixerant
798 3381 959 3442 admodum
984 3398 1088 3453 senes,
1114 3379 1164 3454 ju·

270 3481 369 3543 uiores
397 3482 433 3545 iis
454 3484 631 3545 Jaeomotus
657 3491 686 3544 et
705 3482 825 3543 Johann
845 3481 1034 3555 Theodams,
1061 3500 1078 3539 e
1099 3478 1166 3560 qui-

271 3579 326 3645 bus
346 3583 393 3645 hic
414 3582 576 3663 plurimum
598 3582 733 3645 florebat.
770 3582 833 3645 Jac.
852 3580 941 3643 etiam
961 3581 1096 3643 Lectium
1114 3600 1165 3642 ur-
