3025 4409
316 491 380 556 200
571 485 654 540 arua
670 485 739 540 vua
770 484 953 544 teu-tosa.

316 647 413 704 cutus.
452 640 590 704 Accessit
615 641 836 723 paedagogicus
863 642 957 704 lastus
985 646 1014 702 ct
1039 645 1136 717 astus,
1163 641 1212 702 cui

315 743 346 804 in
367 741 515 805 turbanda
534 744 678 806 societate
699 743 826 804 bumana
847 750 877 804 et
896 741 1108 823 tranquillitate
1127 761 1211 802 men·

317 844 354 906 tis
380 844 455 904 nihil
481 865 535 924 par
563 850 609 906 est
633 863 732 926 neque
758 843 932 906 secundum.
980 841 1102 904 Secessi
1121 841 1213 921 igitur

315 944 439 1008 Calvam
461 947 511 1011 19.
525 944 599 1006 Julii
619 944 752 1006 medicae
779 943 846 1023 opis
868 943 1057 1024 quaerendae
1073 949 1103 1004 et
1120 941 1212 1004 animi

314 1047 435 1110 levandi
454 1066 543 1126 crgo,
571 1045 678 1106 lectica
698 1051 818 1120 vcctuS,
841 1065 930 1125 quam
950 1043 1104 1124 Augustus
1125 1063 1211 1106 meus

314 1168 378 1229 spe,
400 1154 432 1210 ut
454 1167 489 1208 ea
508 1147 546 1207 ad
564 1145 663 1224 ipsum
683 1145 893 1224 demigrarem,
915 1144 1054 1206 munifice
1074 1142 1213 1205 submisit

314 1251 344 1314 8.
359 1250 448 1326 tulii,
475 1248 530 1310 sed
553 1265 644 1326 quam
664 1246 724 1306 heu
742 1245 830 1306 aliarn
852 1252 882 1308 et
908 1245 995 1308 nimis
1015 1245 1211 1308 deformatam

312 1356 402 1430 atque
428 1349 583 1408 distortam
609 1345 718 1425 reperi.
756 1345 834 1407 Nam
855 1346 885 1408 in
906 1347 1087 1408 concordiae
1107 1345 1210 1406 locum

313 1449 478 1511 simultates
500 1453 530 1508 et
548 1453 664 1526 partes,
692 1447 857 1508 modestiae
877 1447 968 1510 luxus
990 1453 1020 1510 et
1039 1445 1209 1522 insolentia,

313 1549 486 1630 laborisque
506 1547 599 1610 otium
621 1555 651 1610 et
671 1549 765 1612 fastus
786 1567 975 1624 successere,
1001 1549 1097 1628 pietas
1122 1567 1208 1622 vero,

313 1649 492 1730 obsequium
513 1655 544 1711 et
558 1649 725 1728 juventutis
741 1669 814 1710 cura
831 1649 928 1728 palam
948 1650 1116 1729 elanguere.
1146 1648 1207 1710 ue-

312 1750 354 1810 dii
384 1769 458 1831 ergo
492 1749 688 1832 ultimumque
716 1749 845 1811 valedixi
877 1751 927 1813 31.
952 1750 1079 1830 August.
1106 1749 1207 1810 animo

306 1850 395 1927 juxta
421 1869 612 1932 corporeque
632 1851 705 1912 nihil
725 1855 895 1928 recreatus,
921 1857 1081 1932 postquam
1107 1855 1207 1910 buren

310 1951 362 2012 2⁵.
375 1949 448 2010 Julii
474 1952 614 2031 repetitas
638 1950 758 2031 nuptias
784 1950 1011 2013 semiseculares
1033 1969 1131 2014 essem
1152 1969 1206 2012 co-

310 2050 438 2127 mitatus,
460 2051 586 2133 ipseque
606 2053 635 2113 2.
653 2056 780 2131 August.
797 2051 1033 2122 anniversarium
1053 2051 1205 2114 matrimo-

310 2151 417 2214 nialem
438 2154 488 2213 cu.
511 2173 579 2214 cum
599 2152 672 2215 meis
694 2153 830 2215 iecissem
846 2152 993 2214 festivum.
1025 2154 1139 2216 Mutata
1159 2159 1206 2216 est

310 2254 424 2316 interea
451 2253 572 2316 scholae
599 2259 720 2314 nostrae
746 2252 854 2329 iacies,
882 2259 912 2314 et
937 2253 1074 2315 translati
1097 2271 1204 2314 omues

309 2354 420 2419 alumni
434 2355 465 2414 iu
479 2354 660 2433 stipendium
674 2354 867 2432 'l'ubiugense
888 2353 938 2414 25.
951 2352 1035 2429 Julii,
1057 2353 1202 2416 substitu-

309 2457 391 2537 tique
419 2454 548 2533 Blabyra
575 2453 695 2534 quidem
722 2456 789 2515 aa:
815 2443 949 2514 Joaunes
973 2453 1107 2514 Jacobus
1129 2453 1202 2516 Ket-

308 2556 407 2630 terlin‚
427 2556 561 2616 loannes
575 2555 724 2616 chricus
739 2553 904 2632 Oelmajer,
924 2554 1058 2615 loannes
1072 2555 1203 2616 Thomas

310 2655 446 2730 Schmid‚
467 2655 654 2720 Christianus
667 2655 840 2718 Fridericus
858 2655 895 2716 ab
916 2656 1038 2716 Hauseu
1060 2662 1089 2716 et
1106 2656 1202 2718 Joau·

309 2776 364 2819 nes
390 2756 561 2820 Fridericus
582 2755 719 2820 Schwele
740 2753 956 2834 Stutgardiani‚
983 2755 1117 2818 Joauues
1139 2759 1200 2818 Da-

309 2857 371 2918 niel
390 2855 541 2919 Reiuhard
569 2864 599 2918 et
623 2857 761 2918 loannes
780 2855 887 2918 Bautel
912 2855 1200 2934 SchorndorieuseS,

307 2961 442 3023 Joauues
463 2959 544 3020 Frid.
559 2958 750 3018 Hochstetter
770 2957 1085 3034 Kircho-Tecceusis,
1106 2958 1200 3020 Joau-

309 3081 364 3124 nes
389 3059 518 3122 Michael
538 3058 655 3120 Silcher
682 3063 712 3118 et
735 3059 870 3118 Joanues
898 3055 1058 3120 Conradus
1089 3059 1199 3140 Ricger

308 3161 542 3236 Winnedeuses‚
571 3156 808 3237 christophorus
831 3156 946 3237 Caspai
965 3161 1066 3240 Haupt
1086 3165 1116 3220 et
1142 3159 1198 3228 Mi-

308 3263 391 3325 chael
429 3259 605 3336 Braitmajer
641 3258 937 3338 ilerrenbergenses,
979 3259 1059 3321 Elias
1099 3260 1199 3322 Zeiter

307 3361 532 3444 Niartingeusis‚
559 3360 693 3421 Joannes
721 3359 858 3420 Gerhard
884 3359 1021 3421 Ramsler
1048 3359 1196 3420 Werthci·

308 3464 434 3538 mensis,
454 3464 589 3526 Joauues
603 3459 757 3539 Philippus
773 3459 841 3522 Zais
856 3458 1088 3537 Canstadiensis‚
1101 3461 1197 3522 Joan-

308 3584 363 3626 nes
383 3564 478 3638 Jacob
504 3565 643 3626 Doeruer
662 3560 870 3642 auscitanus,
899 3559 977 3624 Elias
1000 3561 1099 3624 Zeiter
1120 3561 1196 3624 Bah-
