3025 4409
324 517 387 579 27⁰
581 509 664 564 Liber
680 510 747 564 Vlll.
781 509 966 566 tuot-1653.

325 679 355 730 et
376 670 426 729 11.
440 669 513 728 Dec.
536 675 567 728 et
586 667 752 748 Giiltlingia
771 667 821 730 26.
836 668 938 748 April,
964 666 1098 738 nobiles3
1128 666 1222 728 literis

324 789 399 830 vcro
420 777 451 829 et
470 768 537 829 aliis
557 771 742 831 ornamentis
763 768 850 830 olari:
877 767 1110 829 Freinsheimius
1138 787 1222 828 meus

324 870 517 949 Argentiuam
538 869 693 930 revisurus
714 889 782 930 cum
800 871 994 958 Berueggero
1016 869 1105 928 affine
1125 871 1153 928 1.
1167 869 1223 928 Ju-

324 972 380 1044 nii,
413 969 582 1031 Schmidius
613 971 711 1048 magui
741 970 835 1049 patris
870 969 1025 1049 intimique
1054 968 1112 1028 mei
1143 967 1223 1030 lilius
1317 1009 1319 1016 ·

324 1075 375 1135 2·l.
390 1072 487 1146 lunii,
515 1069 640 1131 Scheler
666 1072 695 1130 2.
714 1071 801 1148 hloji,
829 1071 1059 1132 schoenemann
1086 1070 1114 1130 9.
1131 1068 1225 1143 Junii,

325 1173 472 1234 Kirchher
497 1173 546 1230 12.
563 1170 662 1244 lunii,
689 1172 881 1249 Bensperger
907 1173 935 1232 1.
951 1169 1093 1250 August,
1120 1170 1226 1230 botter

327 1271 531 1352 iddirgusti,
559 1270 700 1344 studiosi,
728 1270 906 1332 Schimelius
934 1271 1064 1332 Asiatica
1089 1270 1226 1349 peregri-

323 1373 445 1435 natione
466 1370 606 1431 notabilis
627 1369 803 1446 alumni,
830 1371 1028 1432 Widmanuus
1056 1369 1106 1430 diu
1133 1377 1226 1430 notus

324 1481 356 1533 et
374 1471 520 1551 probatus
543 1474 592 1532 11.
606 1470 716 1544 Martii,
733 1472 899 1540 Rottnerus
915 1479 1061 1550 cognatus
1075 1471 1124 1530 11.
1136 1469 1226 1548 Apri-

325 1573 378 1647 lis,
405 1572 532 1633 Rothius
559 1572 658 1633 affinis
677 1573 708 1633 6.
725 1570 867 1646 Octobr,
894 1569 1074 1632 Gerlachius
1096 1570 1226 1630 Gedano

325 1674 420 1734 redux
444 1675 492 1734 16.
505 1672 649 1746 Octobr,
677 1671 867 1735 Schwarzius
889 1678 918 1730 et
939 1669 1110 1749 Speidelius
1128 1669 1226 1731 Stutt-

325 1774 445 1854 gordiae
467 1782 498 1835 et
518 1773 673 1834 Constndii
693 1773 836 1834 consules
859 1773 908 1832 19.
927 1771 998 1848 Maji
1021 1779 1051 1832 et
1072 1773 1121 1833 19.
1136 1772 1227 1850 Apri-

325 1876 378 1948 lis;
401 1874 633 1953 Megeuhardtus
649 1873 813 1935 multorum
823 1890 970 1932 nunorum
982 1872 1095 1933 auricus
1105 1873 1156 1934 29.
1169 1873 1226 1933 Ju-

325 1976 367 2036 nii
389 1984 419 2036 et
439 1977 489 2036 28.
503 1975 599 2049 Nou,
621 1976 659 2035 D.
675 1974 753 2034 New
773 1983 803 2034 et
816 1970 963 2032 Miillerus
984 1973 1128 2053 principis
1149 1993 1226 2035 con-

325 2076 427 2138 siliarii
449 2075 499 2136 17.
511 2074 591 2135 Nou.
608 2082 638 2135 et
660 2074 710 2134 13.
721 2073 812 2147 Junii,
835 2073 1010 2149 Krezmajer
1031 2080 1061 2134 et
1081 2075 1227 2154 principis

324 2176 478 2238 architecti
497 2177 526 2235 7.
540 2174 629 2236 Febr.
648 2185 678 2234 et
692 2174 741 2235 15.
754 2173 836 2235 Julii.
865 2173 941 2232 Tum
964 2193 1002 2232 ex
1021 2175 1130 2236 vicinia
1143 2177 1226 2238 lluu-

325 2279 401 2359 gius
424 2280 628 2351 Wormserus,
650 2273 849 2335 Brotbeccius
871 2273 1023 2348 doctores,
1046 2295 1081 2335 ac
1101 2296 1159 2355 pro
1177 2277 1225 2337 ol-

325 2379 396 2440 ticio
424 2380 462 2439 D.
490 2376 612 2455 Philgus
640 2375 811 2455 coeterique
841 2374 1122 2453 superintendentes
1150 2397 1225 2438 con-

326 2479 445 2540 crediti:
467 2479 615 2557 Lyserus,
637 2474 764 2548 Abdus,
786 2474 968 2556 Helwagius,
990 2477 1150 2538 llonoldos
1171 2498 1225 2556 pa-

326 2588 486 2659 storesque
512 2577 563 2637 alii
590 2595 658 2636 cum
687 2594 851 2636 numerosa
880 2577 1033 2638 studiosae
1057 2578 1226 2655 juventutis

326 2680 429 2753 turbo,
461 2677 640 2761 quibuscum
669 2675 794 2736 multum
826 2676 972 2738 fastidiosi
1004 2677 1149 2757 temporis
1179 2686 1227 2738 est

325 2785 544 2858 consumptum
601 2776 757 2856 Augorum
788 2785 887 2839 nmen
917 2778 1117 2858 dolorumque
1149 2777 1227 2839 leni-

325 2887 457 2942 mentum
479 2880 568 2954 juxta
594 2878 854 2960 levamentumque
880 2897 1026 2940 summum
1046 2889 1137 2960 atque
1157 2879 1227 2940 uni-

326 3003 395 3043 cum
425 2980 481 3041 luit
509 2978 637 3059 Augusti
666 2980 727 3040 mei
757 2998 927 3058 perennans
955 2980 1049 3060 gratia
1076 2979 1226 3041 literariae

324 3081 575 3162 reciprocationis
601 3098 755 3162 nunquam
781 3080 965 3160 interruptae
987 3079 1024 3140 ad
1045 3083 1105 3142 527
1128 3099 1226 3161 usque

326 3181 485 3272 epistolem
506 3199 595 3241 monn
617 3199 680 3255 sus,
699 3181 802 3243 invitis
824 3181 913 3241 etiam
936 3179 1132 3259 caligantibus
1149 3201 1225 3243 ocu-

324 3286 376 3359 lis,
401 3281 546 3363 pertinaci
567 3281 802 3356 continuatione,
820 3282 1025 3344 munihceutin
1046 3281 1225 3358 incredibili,

325 3385 465 3447 comitate
490 3381 637 3457 inaudita,
665 3381 786 3442 condita
810 3401 872 3461 ope
894 3381 982 3442 etiam
1003 3381 1147 3442 medicam
1167 3399 1225 3462 per

323 3486 503 3547 archiatrum
523 3502 611 3544 suum
633 3484 670 3544 D.
683 3483 897 3544 Weudeliuum
910 3481 1089 3562 Sybelistom
1108 3487 1224 3558 testata,

326 3603 455 3666 quoium
476 3585 550 3648 illud
570 3583 700 3646 animum
722 3583 877 3658 recreavit,
898 3581 955 3643 ista
969 3581 1101 3643 locuma
1122 3601 1224 3661 parce,
