3025 4409
441 451 612 530 Stipendium
627 453 714 514 theol.
730 455 875 514 sublevere
893 459 1016 515 conatur.
1119 463 1180 528 107

280 613 344 676 licti
362 610 550 694 impuberes,
574 613 679 696 quiin
700 614 959 695 orphanotrophio
980 615 1178 696 octogenario

278 715 400 778 circiter
425 733 552 778 numero
580 714 625 778 sic
645 715 717 778 sotis
739 725 769 777 et
789 716 930 798 gravibus
951 716 1095 796 impensis
1114 717 1177 780 ole-

276 817 396 895 bantur,
418 817 558 898 corporis
580 821 610 878 et
628 817 720 878 animi
740 818 890 899 neglectu,
912 819 1045 900 paedore
1066 825 1097 880 et
1116 820 1177 882 situ

276 925 552 999 corrumperentur,
572 918 753 999 importunis
766 921 909 1000 precibus
928 919 1054 998 obtinui,
1075 927 1109 982 ut
1129 921 1176 982 iu-

275 1027 324 1082 ter
344 1020 426 1082 cives
446 1021 663 1102 locupletiores
686 1023 737 1085 vel
764 1023 893 1086 servitiis
918 1021 1102 1099 destinandi,
1126 1023 1176 1084 vel

275 1120 404 1204 opificiis
425 1122 605 1204 applicandi,
625 1122 674 1184 vel
689 1124 716 1186 si
727 1125 895 1188 teneriores
912 1131 1023 1203 esseut,
1044 1123 1174 1205 gratuito

274 1223 438 1301 educandi,
460 1221 584 1287 omnino
605 1240 679 1287 vero
700 1225 819 1306 pietatis
840 1234 870 1290 et
891 1227 1061 1290 scholarum
1081 1225 1176 1289 cultui

275 1323 456 1405 subjiciendi
471 1325 732 1390 distribuerentur.
759 1333 845 1410 Quae
860 1347 910 1391 res
928 1328 1055 1391 feliciter
1073 1327 1174 1408 cessit,

273 1428 390 1510 paucis,
412 1446 491 1510 quos
503 1429 568 1507 jem
583 1428 713 1508 putredo
730 1429 901 1507 obsederat,
922 1429 954 1492 iu
969 1427 1112 1512 squalore
1124 1447 1173 1492 re-

274 1531 362 1593 lictis.
405 1529 455 1592 13.
470 1529 539 1591 lan.
555 1527 737 1610 Tubiugam,
765 1551 783 1592 a
809 1551 868 1613 qua
894 1539 940 1595 tot
967 1531 1053 1596 annle
1081 1531 1172 1611 abfui,

274 1637 439 1714 properato
467 1630 574 1692 itinere
594 1631 700 1709 revisi,
727 1631 887 1696 miseratus
909 1641 939 1695 et
959 1639 1069 1696 tantam
1089 1635 1173 1696 viro-

272 1752 341 1797 rum
360 1732 525 1796 celebrium
545 1730 678 1811 cladem,
700 1741 731 1796 et
750 1734 867 1796 tristem
887 1735 1055 1798 academiae
1073 1751 1173 1817 quou-

272 1837 343 1897 ‹lam
370 1833 629 1917 frequentissimae
656 1833 863 1915 solitudinem,
895 1853 992 1898 meam
1019 1835 1107 1898 etiam
1133 1837 1172 1900 ab

272 1937 376 1999 amicis
403 1937 561 1999 orbitatem
587 1936 704 2017 lugens.
759 1937 921 2000 Caeterum
948 1937 1004 2000 etsi
1031 1943 1113 2000 totus
1139 1938 1172 2000 in

273 2057 313 2101 eo
336 2057 431 2117 eram,
460 2045 494 2101 ut
514 2057 667 2102 sacrarum
686 2038 841 2103 literarum
861 2039 949 2102 nimis
970 2039 1101 2102 aocisum
1122 2057 1171 2101 se-

270 2137 431 2203 minarium
448 2146 586 2220 exparte
604 2142 792 2222 sustinerem,
810 2147 899 2224 atque
915 2161 953 2204 eo
968 2140 1077 2204 civium
1086 2159 1171 2204 meo-

269 2261 340 2306 rum
365 2240 529 2305 notabilem
557 2244 665 2322 stipem
692 2245 893 2307 ducentorum
919 2242 1047 2325 amplius
1078 2243 1171 2306 flore-

269 2362 382 2408 norum
407 2361 576 2406 annuorum
603 2363 773 2425 parassem,
800 2348 926 2428 ejusque
948 2362 1019 2427 pars
1035 2346 1099 2425 jam
1118 2345 1168 2409 Jo.

267 2447 445 2510 Bcltlrasaro
466 2446 658 2528 l’lieuiugero
679 2453 710 2509 et
728 2447 847 2510 lacobo
864 2447 1046 2512 Brotbeccio
1067 2467 1169 2512 cesse-

267 2550 318 2627 rit,
338 2549 515 2612 morositate
537 2555 567 2611 et
586 2549 749 2631 supercilio
772 2569 886 2628 eorum,
908 2553 1017 2632 quibus
1038 2551 1169 2614 remedia

268 2647 419 2715 melorum
438 2651 570 2730 turbare,
591 2668 654 2714 uon
671 2653 821 2714 medicare
841 2651 966 2716 morbos
988 2667 1168 2716 conoessum

269 2763 326 2834 est,
341 2761 548 2837 opportunum
563 2753 723 2816 consilium
738 2772 884 2816 successu
899 2755 1002 2818 ceruit.
1040 2755 1170 2818 Martius

267 2857 382 2920 mensis
402 2857 549 2919 Doridem
568 2853 758 2918 Steudlinum
783 2875 891 2938 magno
918 2875 987 2918 meo
1010 2854 1096 2918 luctu
1117 2856 1170 2918 ab·

269 2959 363 3035 stulit,
379 2965 512 3022 veterem
525 2959 782 3036 contubernalem,
796 2960 834 3021 de
849 2979 910 3042 quo
925 2958 996 3020 mibi
1006 2956 1168 3040 aliquando

268 3063 359 3144 pluro
389 3059 516 3123 dicende
544 3068 627 3140 sunt,
663 3081 703 3123 ne
729 3062 788 3123 hoo
817 3068 961 3124 semestre
988 3053 1062 3120 ulhil
1088 3057 1170 3122 leotu

270 3165 395 3246 dignum
404 3163 519 3225 habeat
549 3163 646 3227 Natus
666 3164 693 3226 is
711 3164 934 3245 putrelacobo‚
956 3179 1014 3225 avo
1030 3161 1169 3224 lobanne

271 3265 446 3345 Steudlinle,
467 3265 526 3327 hoo
539 3261 808 3348 Reutlingeneium,
830 3265 883 3328 illo
904 3265 1169 3347 Nerolingensium

271 3368 413 3447 antlstite,
434 3369 572 3450 utrisque
591 3369 665 3432 viris
686 3368 810 3431 eruditis
833 3373 862 3429 et
883 3369 920 3430 de
942 3369 1070 3432 ecclesie
1092 3368 1170 3428 bene

270 3471 394 3534 meritis.
432 3471 521 3533 Pater
541 3472 582 3534 ob
601 3471 763 3534 calendarii
779 3470 959 3551 Gregoriani
978 3475 1077 3532 motus
1098 3469 1169 3532 loco
1282 3501 1286 3510 .

273 3573 380 3654 pulsus
395 3572 611 3640 Heideubeilnli
631 3579 790 3660 susceptus
812 3578 868 3653 est,
889 3571 941 3636 ubi
953 3570 1098 3636 Davidem
1118 3589 1171 3653 go·
