3025 4409
593 505 620 556 L
639 504 747 558 Satoris
765 521 849 559 mors.
1121 513 1182 576 273

286 681 416 743 quorum
446 661 475 721 in
506 661 617 741 pietate
648 669 680 722 et
709 661 815 724 studiis
847 661 1002 741 proiectus
1036 663 1181 726 ecclesiae

285 763 358 824 olim
385 761 556 842 auspicatos
588 782 657 824 esse
687 783 723 823 ac
758 762 895 824 salubres
925 761 1063 826 Christus
1100 767 1180 830 faxit.

285 863 429 942 Wagneri
454 863 509 923 tilii
538 863 700 924 occasione
724 870 810 942 pater
836 863 970 926 Joannes
996 865 1129 928 lacobus
1149 867 1181 928 in

284 965 457 1025 memoriam
485 971 514 1024 et
539 963 694 1025 amicitiam
723 963 811 1025 rediit
833 967 881 1026 19.
897 965 1034 1044 August,
1061 967 1182 1048 triginta

283 1063 391 1125 abhinc
412 1064 498 1124 annis
516 1061 571 1124 Ch.
587 1065 713 1126 Besoldi
730 1073 804 1126 tunc
824 1064 882 1125 mei
902 1067 1106 1144 amanuensis,
1127 1087 1180 1131 co-

283 1165 388 1226 mitum
413 1163 651 1226 Hoenloensinm
677 1165 975 1227 Pledelbachensium
1001 1167 1102 1229 curiae
1134 1169 1179 1231 di-

282 1273 399 1341 rector,
421 1285 439 1326 a
460 1284 522 1346 quo
543 1266 581 1326 D.
599 1262 771 1346 christoph.
788 1266 909 1327 Assumi
929 1266 1099 1328 cancellarii
1116 1269 1181 1332 Ho-

282 1365 414 1427 henloioi
439 1365 516 1426 diem
544 1367 738 1428 emortualem
765 1368 795 1427 b.
808 1365 887 1428 Nov.
909 1369 1075 1448 superioris
1100 1371 1180 1450 anni,

284 1467 434 1545 vitamque
460 1485 478 1526 a
506 1466 569 1528 lilio
592 1465 725 1529 Cratone
751 1467 868 1528 erudite
894 1467 1040 1547 depictam
1067 1472 1179 1552 accepi,

284 1565 342 1626 viri
362 1564 473 1644 ingenii
492 1565 735 1646 incomparabilis
756 1574 786 1628 et
799 1567 868 1628 mihi
886 1567 1070 1644 amicissimi3
1092 1571 1180 1634 Krei-

284 1653 445 1727 denmanni
463 1685 552 1742 vero,
580 1668 663 1748 quod
687 1685 843 1747 pronepos
871 1685 909 1727 ex
929 1667 1020 1730 fratre
1040 1677 1120 1732 esset
1139 1673 1179 1736 D.

283 1766 410 1828 Joannis
431 1764 565 1828 Couradi
586 1767 820 1830 Kreidenmanni
841 1768 1003 1828 venerandi
1023 1774 1053 1830 et
1073 1790 1179 1850 magna

283 1862 373 1928 laude
399 1867 496 1929 meriti
522 1868 619 1945 senis,
650 1868 767 1947 syndici
787 1868 973 1949 Esalingens.
996 1867 1180 1950 integerrimi

280 1966 390 2028 notitia
417 1973 447 2028 et
471 1989 556 2030 amor
580 1970 618 2030 ad
645 1972 696 2030 45.
717 1989 813 2031 annos
834 1977 996 2050 protensus
1017 1976 1179 2032 renovatus

285 2076 344 2144 est,
371 2068 575 2132 crebrioribus
599 2069 669 2131 inde
694 2069 790 2131 literis
819 2076 848 2131 et
873 2071 1040 2132 animorum
1061 2068 1178 2131 deside·
1231 2147 1235 2157 ι

225 2197 230 2203 ·
283 2170 459 2251 rior-umque
480 2189 632 2232 consensu
649 2170 757 2244 cultus,
780 2171 889 2252 quibus
904 2171 935 2231 in
956 2169 1107 2231 cumulum
1128 2190 1178 2232 ac-

284 2289 404 2332 cessere
433 2268 738 2348 Nob.}1arst0rferi‚
771 2271 1024 2348 Moscheroschii,
1057 2271 1178 2334 Friscb·

284 2370 385 2431 manni
410 2375 531 2448 praeter
554 2377 732 2433 summatum
760 2373 891 2450 theolog.
912 2371 1043 2451 Dilgeri,
1070 2372 1179 2434 lliilse-

285 2468 477 2548 manaim),
492 2466 687 2545 Calovii²⁹⁸)¹
701 2473 803 2534 literas
819 2480 848 2534 et
862 2471 1082 2548 Fortenbachii‚
1098 2473 1178 2535 Mar-

286 2569 414 2649 stalleri‚
434 2570 621 2654 aliorumque
643 2571 740 2632 dulcia
761 2571 893 2653 alloquia
913 2571 1097 2650 gratissimae
1118 2575 1179 2637 ele-

285 2669 417 2751 gantiae;
432 2691 489 2734 nec
503 2672 629 2734 tacenda
642 2673 724 2733 venit
736 2691 885 2752 generosa
898 2672 984 2752 virgo
992 2673 1180 2754 Margaretha

282 2772 379 2834 Maria
399 2773 631 2852 Buwingbansia
651 2773 774 2852 Sappho
795 2770 991 2850 nostra²⁹⁹)‚
1013 2794 1090 2855 quae
1110 2796 1179 2840 cum

285 2873 358 2936 viris
369 2873 431 2950 jam
445 2873 478 2935 in
491 2874 560 2935 luce
576 2873 843 2954 liberoligatoque
859 2891 1000 2936 sermone
1016 2878 1180 2940 vernaculo

205 3026 208 3029 .
285 2977 323 3038 de
336 2974 616 3056 palma-contendit,
630 2993 738 3054 meque
757 2973 828 3034 olim
843 2974 936 3052 patris
952 2975 1092 3055 amioum,
1107 2979 1180 3041 alte-

283 3096 350 3138 rum
363 3082 478 3155 patrem
493 3073 604 3135 habere
621 3073 740 3135 minime
755 3073 940 3152 dedignatur.
961 3077 1081 3140 Funera
1091 3080 1180 3158 hujus

285 3179 354 3238 anni
365 3175 519 3238 familiaria
529 3175 766 3257 infrequentiora
782 3174 866 3236 fuere
885 3175 1044 3258 minusque
1061 3178 1179 3243 acerba.

286 3277 384 3336 Unum
404 3297 477 3357 prae
498 3277 624 3339 caeteris
638 3275 892 3337 luctuosissimum
909 3283 939 3337 et
956 3279 1179 3341 memorandum

285 3375 358 3438 hev.
379 3376 513 3454 Satoris,
535 3378 622 3455 eujus
644 3375 827 3437 incredibilis
849 3376 960 3456 ingenii
979 3378 1025 3440 vis
1054 3385 1084 3438 et
1103 3379 1181 3440 mul-

284 3475 379 3556 tiplex
401 3479 529 3541 eruditio
550 3476 644 3540 ferme
665 3496 785 3558 semper
798 3477 892 3554 latuit,
914 3477 978 3539 sive
993 3477 1104 3540 infelici
1118 3480 1179 3542 lato

284 3596 357 3654 auo,
390 3577 453 3640 sive
485 3579 568 3661 quod
596 3579 749 3643 surdaster
784 3586 863 3642 esset
899 3584 929 3638 et
955 3597 1022 3640 cum
1055 3580 1181 3641 adversa

940 3678 980 3737 18
