3025 4409
347 493 407 551 133
615 467 696 538 itaer
713 485 756 536 m.
793 485 976 543 teau-mae.

348 641 498 720 Georgius
516 643 694 704 Weissalius
710 644 806 720 judex
829 643 1040 721 sexagenarius
1063 643 1175 704 inflicto
1198 645 1244 704 le-

347 743 420 803 thali
439 743 565 803 vulnere
586 744 711 804 animam
726 745 777 805 diu
792 745 880 804 traxit
896 743 1074 823 tandemque
1096 746 1145 804 28.
1160 745 1244 822 Sept.

348 844 484 904 reddidit.
515 844 643 904 Mactata
658 845 745 905 etiam
766 845 929 905 miserrime
949 851 994 904 est
1007 843 1244 904 ElisabethaJo-

348 945 432 1022 sephi
442 944 680 1004 Biichseusteiuii
701 945 835 1005 consulis
858 963 954 1022 nuper
974 943 1036 1003 vita
1056 945 1149 1005 luucti
1170 966 1244 1023 pro-

348 1045 507 1122 pemodum
540 1047 743 1123 nonagenaria
769 1046 896 1122 conjux,
933 1052 1040 1122 postea
1069 1047 1099 1105 in
1128 1046 1245 1106 cineres

348 1145 476 1204 redacta.
521 1145 693 1205 Ludovicus
715 1145 833 1205 Gerber
853 1145 1006 1224 tranquilli
1026 1146 1115 1205 arrimi
1137 1167 1172 1206 ac
1193 1166 1245 1206 ve-

350 1245 410 1323 geti
427 1245 566 1322 corporis
583 1265 685 1320 senex,
703 1267 758 1324 per
776 1245 929 1324 sexaginta
949 1265 1045 1306 aurius
1062 1247 1151 1306 rudus
1168 1267 1246 1306 uxo·

351 1344 393 1404 ris
419 1343 541 1405 maritus
567 1354 638 1424 post
662 1346 877 1425 octogesimum
906 1346 1040 1425 quintum
1061 1347 1164 1407 aetatis
1191 1346 1246 1406 im-

353 1445 478 1504 maniter
500 1445 725 1507 excarnificatus
747 1454 846 1506 terrae
867 1453 966 1507 tamen
989 1446 1087 1507 cessit.
1133 1448 1247 1507 dolian-

352 1564 407 1604 nes
428 1544 582 1605 Sebauber
603 1547 652 1606 cui
668 1541 805 1624 &tembttt
822 1543 912 1624 batt&
935 1554 1181 1626 cognomentum,
1204 1548 1247 1606 rei

352 1645 452 1705 lautae
473 1655 631 1723 mercator,
653 1649 779 1709 animam
803 1669 840 1708 ex
862 1649 969 1709 morbo
990 1649 1110 1708 trahens
1133 1649 1247 1727 suppli—

353 1746 432 1806 cium
453 1754 552 1807 tamen
571 1768 634 1809 uon
656 1750 766 1829 effugit,
788 1743 861 1829 quin
876 1749 1008 1809 violenta
1024 1769 1058 1808 ac
1073 1749 1137 1809 dira
1150 1759 1248 1810 morte

352 1847 482 1908 medium
503 1857 600 1910 tostus
620 1851 763 1912 interiret
799 1851 849 1910 Sic
871 1850 952 1910 varia
972 1848 1150 1910 infelicitatis
1165 1857 1249 1910 sorte

352 1952 456 2011 decem
469 1952 702 2029 septuagenariis
716 1950 834 2029 priores
846 1949 902 2008 viri
915 1949 1065 2028 quondam
1079 1949 1206 2010 fortunis
1221 1958 1251 2010 ot

353 2053 461 2113 officiis
474 2052 640 2129 conspicui,
658 2060 729 2112 octo
743 2049 893 2128 vergentis
904 2050 934 2110 in
952 2049 1077 2124 senium,
1090 2050 1248 2110 duodecim

354 2160 530 2231 provectae,
552 2152 657 2211 decem
670 2157 803 2211 maturae
816 2150 919 2210 aetatis
930 2157 1049 2228 praeter
1059 2170 1133 2210 auus
1148 2159 1177 2210 et
1187 2171 1249 2216 ma-

354 2260 459 2313 trouas
468 2254 610 2312 honestas
626 2250 742 2331 aliquot
759 2250 938 2324 occubuere,
954 2269 1032 2328 quae
1045 2250 1163 2310 laniena
1171 2251 1250 2312 Cro-

355 2362 469 2413 aterum
495 2352 621 2411 maxime
647 2352 818 2412 immanitati
845 2351 954 2412 tributa
979 2357 1031 2412 est.
1084 2353 1130 2412 De
1151 2359 1251 2412 triente

354 2453 450 2531 captis
476 2459 506 2510 et
532 2451 634 2512 deliris
661 2472 696 2511 ac
723 2451 853 2512 innoxiis
881 2451 1042 2512 infantibus
1076 2453 1250 2513 tantundem

356 2560 507 2626 stantum,
528 2558 637 2611 utnon
655 2558 723 2635 tarn
728 2550 913 2612 Christianae
930 2552 1139 2626 itinerationis
1162 2572 1251 2631 quam

356 2655 453 2716 omnis
482 2672 589 2714 sensus
615 2652 736 2711 humani
763 2647 888 2712 oblitum
921 2654 1101 2734 apparuerit.
1149 2652 1251 2728 Ajunt,

354 2755 453 2816 nullas
480 2752 715 2832 supplicationes
742 2758 773 2812 et
800 2753 1034 2830 geniculationes
1061 2761 1173 2814 tantum
1200 2773 1251 2814 va-

355 2855 459 2931 luisse,
476 2854 549 2934 quin
568 2853 681 2914 lethum
698 2852 728 2912 iu
743 2860 900 2914 cruentum
915 2853 1025 2915 vulnus
1042 2854 1143 2934 potius
1163 2874 1252 2934 quam

355 2957 482 3018 salntem
502 2956 600 3015 datam
620 2973 800 3014 conversum
822 2954 868 3016 sit.
902 2955 1023 3014 Interim
1039 2976 1106 3016 cum
1128 2961 1253 3033 stupore

357 3057 477 3130 audias,
505 3055 614 3134 quibus
635 3053 796 3128 cuniculiS,
817 3053 990 3133 ambagibus
1011 3063 1042 3117 et
1062 3055 1176 3116 artibus
1196 3057 1250 3116 mi-

358 3158 426 3219 selli
444 3165 503 3218 tam
525 3155 726 3234 implacabiles
747 3174 852 3215 erarius
874 3155 1032 3230 eluserint,
1060 3157 1123 3217 sive
1151 3156 1252 3216 verius

357 3279 447 3339 quam
467 3257 598 3317 evidenti
623 3255 799 3334 angelorum
826 3254 960 3316 subsidio
982 3256 1117 3336 plerique
1139 3256 1252 3318 subdu-

358 3360 399 3419 cti
424 3357 542 3418 luerint.
584 3358 690 3418 liarisit
718 3364 815 3417 tanren
844 3365 872 3418 et
897 3377 974 3436 aqua
999 3359 1144 3420 vadorum
1170 3356 1252 3434 igna-

358 3479 425 3532 ros,
454 3477 530 3539 quae
551 3457 616 3518 aliis
638 3458 763 3536 proluit,
794 3479 861 3520 cum
884 3457 952 3518 hinc
974 3459 1058 3538 igne,
1087 3459 1155 3519 iude
1176 3476 1253 3537 aqua

359 3560 570 3635 transeundum
593 3560 690 3620 luerit.
