3025 4409
338 521 400 586 174
604 507 688 564 Liber
704 507 748 564 lv.
784 505 970 569 teto-ttae.

336 678 406 749 tem,
419 688 508 752 quam
519 685 587 728 eum
595 667 787 747 Griningero
799 668 950 748 quondam
968 671 1153 741 exercuerat,
1166 671 1239 745 post

338 773 405 850 ejus
425 775 553 832 mortem
573 768 604 829 in
625 787 673 828 me
695 767 852 830 innoxium
875 769 1019 831 derivavit
1047 767 1238 848 animumque

338 873 469 935 alienum
497 873 587 952 atque
613 869 691 930 adeo
717 869 859 931 infestum
884 869 982 949 palam
1009 867 1158 947 ostendit,
1190 867 1239 928 vir

338 995 406 1036 cum
426 973 532 1055 paneis
553 971 787 1052 comparandus,
814 971 873 1034 nisi
895 974 1042 1034 internata
1063 969 1239 1032 morositate

338 1084 370 1138 et
388 1075 533 1138 simoniae
560 1072 734 1153 suspicione
753 1092 814 1153 pro
833 1073 1037 1136 aestimatione
1058 1072 1162 1134 odium
1182 1070 1239 1135 sibi

336 1177 491 1240 bominum
511 1174 720 1237 contraxisset.
769 1175 857 1237 Hunc
878 1185 1000 1240 secutus
1023 1183 1069 1240 est
1089 1175 1238 1238 Henrieus

308 1337 310 1342 .
336 1278 442 1357 Hiiler,
463 1277 516 1360 qui
537 1296 575 1338 ex
595 1295 631 1338 re
649 1275 795 1361 mediocri
815 1277 853 1339 ad
871 1279 1014 1342 maximas
1027 1277 1166 1340 fortunas
1181 1275 1238 1339 sub

336 1380 474 1463 principe
493 1380 631 1441 iohanne
651 1378 823 1458 Friderieo,
845 1379 877 1442 iu
898 1379 985 1460 eujus
1005 1380 1150 1462 flagrante
1170 1397 1238 1460 gra·

337 1485 379 1546 tia
403 1481 537 1563 vigebat,
566 1487 703 1558 evectus,
729 1488 802 1561 post
829 1484 895 1562 ejus
922 1489 1050 1546 mortem
1063 1479 1136 1556 ¹²⁸)
1162 1499 1237 1543 vero

338 1586 398 1649 sub
421 1581 715 1646 administratoribus
740 1581 912 1663 neglectus,
942 1585 1042 1649 denam
1070 1582 1128 1646 sibi
1149 1583 1238 1644 exule

337 1687 474 1769 principe
495 1683 671 1746 Eberhardo
699 1703 736 1745 ex
764 1685 877 1765 patriae
901 1686 996 1749 ruinis
1023 1686 1174 1748 fortunam
1194 1685 1238 1745 ia-

337 1787 465 1850 brieavit
489 1793 520 1848 et
545 1785 676 1867 ampliss.
699 1793 879 1867 quaesturae
898 1807 1008 1850 munus
1029 1785 1166 1849 obtinuit.
1208 1785 1238 1847 Is

338 1890 411 1953 mibi
431 1889 530 1952 affinis
552 1895 583 1949 et
603 1888 755 1969 quondam
776 1889 988 1967 amicissimus,
1015 1896 1087 1970 post
1106 1907 1144 1951 ex
1167 1887 1237 1950 Cal-

337 1993 425 2058 veusi
444 2011 549 2067 eausa,
576 1991 614 2052 de
635 2011 694 2072 qua
714 1990 752 2051 ad
773 2009 884 2053 annum
904 1993 945 2051 24
967 1991 1043 2068 dixi,
1071 1989 1237 2052 infensissi-

337 2114 405 2158 mus
425 2094 522 2155 iaotus
543 2110 579 2153 ae
598 2109 711 2153 nocere
734 2097 871 2171 paratus,
893 2111 911 2151 a
928 2092 1165 2174 Buwingbausio
1183 2111 1237 2154 eo-

337 2195 458 2271 hibitus,
479 2212 551 2255 mox
568 2192 656 2253 etiam
675 2210 783 2254 eversa
793 2193 927 2273 potentia
943 2213 997 2255 sna
1010 2213 1169 2274 repressus
1184 2203 1236 2259 est.

340 2297 482 2362 Ostendit
500 2302 600 2358 tamen
620 2313 743 2374 aegrum
763 2293 908 2371 animum,
930 2314 999 2356 eum
1020 2296 1236 2377 Griiningeria-

338 2417 393 2461 uas
413 2415 536 2476 magnas
557 2414 634 2475 opes
654 2415 673 2455 a
697 2393 788 2457 nobis
813 2395 953 2476 legitimis
973 2397 1151 2461 haeredibus
1173 2398 1237 2462 suis

337 2496 580 2562 maehinamentis
600 2495 632 2557 iu
652 2494 747 2558 filium
768 2515 856 2559 suum
877 2497 1057 2577 derivasset,
1082 2499 1130 2561 vir
1150 2499 1237 2562 indu·

338 2601 413 2664 stria
438 2597 538 2661 multis
573 2597 730 2679 superior,
761 2596 819 2660 uisi
850 2617 916 2660 eam
941 2599 1117 2664 inexhausta
1143 2619 1236 2682 opum

338 2701 388 2766 siti
408 2701 648 2764 contaminasset.
687 2697 820 2760 Labente
840 2719 931 2778 anno,
953 2702 1036 2783 quod
1054 2701 1238 2785 Argentinae

337 2805 370 2867 in
390 2823 438 2866 rue
457 2822 647 2884 receperam,
673 2799 821 2882 principis
839 2800 1005 2864 Eberhardi
1025 2823 1094 2866 cum
1115 2823 1238 2868 caesare

339 2905 623 2981 monstrationem,
647 2904 731 2964 taos
748 2901 951 2982 imperialibus
971 2911 1073 2969 mutua
1087 2927 1147 2990 ope
1160 2927 1238 2990 quo-

337 3010 465 3072 rundam
479 3025 616 3070 meorum
632 3004 718 3082 datis,
739 3006 974 3086 promotuum,
993 3008 1123 3072 lentiore
1136 3016 1238 3072 tamen

338 3131 428 3195 quam
453 3127 584 3193 prospe
605 3107 729 3186 effectu,
754 3107 882 3170 remoris
910 3108 1037 3172 subinde
1058 3110 1127 3173 aliis
1146 3116 1237 3193 atque

339 3213 406 3277 eliis
432 3212 465 3274 iu
490 3211 559 3274 aula
585 3209 720 3289 objectis.
763 3211 813 3272 212.
827 3208 974 3274 Novemb.
995 3218 1063 3274 nata
1093 3217 1140 3274 est
1165 3211 1237 3273 mibi

339 3335 377 3380 ex
404 3315 466 3378 filia
491 3312 587 3375 Maria
611 3312 710 3394 neptis
735 3311 846 3392 prima,
874 3313 923 3375 ani
943 3312 1057 3377 Mariae
1082 3313 1239 3376 Elisabeth

337 3436 464 3496 nomen,
496 3413 636 3478 surculus
664 3432 702 3475 ex
728 3418 853 3494 paterna
879 3413 989 3478 arbore
1009 3415 1090 3478 3tiae
1109 3433 1235 3499 genera·

337 3519 430 3582 tionis
450 3517 579 3600 primus,
601 3514 658 3577 sed
676 3514 729 3596 qni
749 3515 792 3580 m
811 3521 884 3596 pust
903 3515 952 3578 die
973 3517 1123 3582 emamuit.
1170 3516 1238 3580 Sub

338 3618 374 3681 id
390 3620 536 3701 temporis
556 3616 751 3699 amplificatio
769 3615 872 3681 saeeiii
892 3620 998 3699 nostri,
1020 3621 1106 3702 quod
1124 3620 1235 3683 decen·
