3025 4409
329 503 391 567 m
528 449 533 456 ¹
582 495 750 552 arpenn
787 495 971 552 assa-resa.

329 652 503 718 valetudine
522 653 763 728 conflictantur,
784 671 889 733 quem,
910 657 1072 733 postquam
1093 649 1164 712 mibi
1183 651 1231 712 iu-

329 753 444 830 notuit,
468 753 627 817 conciliavi
653 752 793 834 Angusto
819 771 904 828 meo,
932 753 1020 830 cnjus
1046 751 1230 814 harmoniam

331 853 532 935 evangelicam
552 855 583 916 in
603 853 705 918 latium
727 853 892 931 transtulit,
923 854 1097 936 addiditque
1117 856 1229 935 psalte-

329 956 406 1019 riunr
425 955 511 1018 rano
531 956 671 1018 carminis
691 973 812 1034 genere,
834 974 894 1035 qua
913 955 1048 1035 pollebat
1060 975 1147 1032 vena,
1168 955 1230 1018 ele-

329 1065 435 1137 ganter
449 1075 637 1136 ‘expressum
654 1054 773 1118 liberali
792 1055 959 1134 stipendio,
986 1056 1067 1118 unde
1093 1076 1110 1118 e
1138 1057 1230 1118 rebus

328 1157 464 1238 augustis
484 1157 616 1232 emersit,
637 1176 655 1218 a
675 1155 812 1234 principe
832 1156 962 1234 adjutus.
998 1157 1083 1218 Obiit
1099 1157 1229 1220 maximo

328 1277 398 1323 meo
419 1257 527 1322 dolore
547 1258 599 1318 25.
612 1257 759 1318 Februer.
780 1275 877 1320 anuos
898 1259 949 1321 55.
964 1267 1062 1334 natus,
1081 1258 1142 1322 vita
1159 1259 1229 1321 lon·

328 1359 414 1440 giore
440 1365 471 1420 et
501 1355 620 1420 mitiore
648 1358 770 1422 lcnuna
799 1356 1007 1438 dignissimus,
1038 1379 1107 1422 cum
1136 1359 1229 1440 paulo

328 1465 399 1524 ante
425 1458 463 1520 de
489 1456 571 1518 inani
595 1459 708 1522 nuncio
734 1459 841 1522 mortis
872 1478 956 1522 meae
994 1467 1075 1522 esset
1106 1461 1228 1540 gavisus

329 1558 460 1639 miliique
479 1559 655 1638 gratulatus.
689 1560 746 1623 Vir
766 1561 805 1622 de
825 1579 874 1622 me
895 1567 925 1622 et
945 1559 1053 1622 lumilia
1066 1559 1227 1624 Andrcena

328 1659 483 1739 praeclare
501 1659 636 1723 maritus.
676 1662 793 1724 Versus
813 1660 889 1722 libet
907 1659 1096 1723 adscribere:

230 1859 236 1875 .
361 1789 424 1844 lam
442 1795 575 1844 semestre
591 1789 654 1857 luit,
672 1805 734 1844 cum
751 1790 786 1844 de
803 1789 850 1844 ΤΕ
868 1789 941 1844 lama
956 1787 1072 1854 terebat,

394 1874 543 1929 sudreiam
558 1876 617 1928 late
635 1873 800 1930 decubuisse
817 1889 877 1931 aun.

361 1959 526 2016 Maerebam
543 1958 679 2030 dictisque
693 1960 775 2016 fidem
791 1973 927 2028 uunquam
944 1956 1053 2028 aegrius
1071 1955 1160 2023 hausi,

394 2045 480 2100 Fama
495 2050 587 2098 tamen
602 2044 720 2098 mendax
736 2044 807 2098 haec
822 2041 887 2096 Tibi
903 2041 960 2096 rita
977 2040 1035 2094 luit.

361 2129 422 2182 Hor.
439 2134 496 2192 est,
514 2129 588 2196 quod
605 2129 676 2183 leste
692 2128 744 2182 hac
762 2128 908 2198 gaudemus
925 2125 988 2179 luce
1005 2123 1137 2190 Valentis,

395 2212 506 2281 Proque
521 2211 581 2265 'lua
597 2210 663 2265 laeti
679 2218 746 2266 vota
763 2211 852 2264 salute
870 2211 972 2264 damus.

361 2297 391 2351 Si
409 2296 473 2366 quid
489 2300 556 2349 vota
572 2295 676 2363 valent,
693 2295 818 2366 longum,
830 2292 902 2356 ¹mibi
919 2294 1015 2356 crede,
1032 2291 1149 2362 valebis,

395 2380 451 2448 Qui
467 2379 533 2432 nolo
551 2377 598 2432 'l’ll
614 2379 726 2450 longum
743 2393 828 2448 saepe
843 2378 937 2433 valere
952 2377 1029 2435 mibi.

361 2462 478 2520 biridull
494 2462 617 2532 valeant,
633 2460 733 2534 procul
750 2477 768 2514 u
784 2461 884 2532 procul
902 2463 965 2518 iude
982 2462 1127 2526 lacessant,

393 2546 538 2618 Fingentes
556 2546 641 2622 capiti
659 2561 743 2618 saepe
759 2544 877 2616 maligna
894 2545 978 2602 TUO.

276 2627 280 2636 ¹
360 2637 396 2688 Aa
412 2631 454 2684 'lu
471 2631 533 2686 vise
549 2631 626 2697 vale,
648 2629 695 2685 sed
713 2646 768 2683 non
786 2645 841 2700 quo
859 2628 969 2684 nomine
987 2645 1088 2695 manes,

394 2717 518 2782 Quorum
537 2716 589 2770 hac
605 2717 633 2770 in
651 2715 708 2769 vita
723 2729 810 2786 porra
829 2729 881 2767 nec
897 2729 963 2766 usus
981 2712 1042 2770 erit.

357 2799 428 2853 Vive
442 2798 549 2868 aquilae
566 2799 671 2853 senium
688 2813 853 2869 semperque
868 2797 1005 2852 valentior
1021 2795 1075 2862 exi,

356 2900 360 2914 ·
392 2883 491 2938 norm
507 2889 537 2938 et
552 2899 588 2938 ex
605 2883 682 2939 anuis
698 2898 778 2937 sume
791 2881 889 2952 vigore
903 2883 990 2936 nure!

358 2969 427 3026 Sara
442 2967 511 3024 mibi
527 2968 562 3023 de
578 2967 627 3023 ΤΕ
642 2967 679 3024 sit
695 2966 768 3022 bma
784 2972 832 3022 aut
847 2964 918 3020 idea
933 2965 1029 3032 luisse,

391 3054 476 3126 quue
493 3053 541 3107 det
556 3056 695 3106 aeternum
713 3052 760 3122 qui
776 3051 844 3118 luit..
857 3056 900 3106 est
918 3056 946 3106 et
963 3051 1093 3124 erit³⁰⁰).

334 3225 337 3234 .
364 3177 472 3238 Fatum
491 3175 655 3254 implevere
673 3173 739 3236 alii:
767 3173 940 3238 Fridericus
966 3169 1136 3251 nocetum)
1169 3173 1221 3236 la.

323 3277 428 3355 Febr„
454 3277 588 3338 hauries
608 3275 689 3338 Frid.
709 3275 860 3356 Sellinper
880 3274 1015 3352 b.·Maji,
1047 3273 1222 3338 Ludoricus

323 3379 474 3442 Kleiubub
495 3376 643 3453 ansula,
671 3376 793 3438 Marcius
815 3375 902 3437 lmlin
921 3375 973 3437 31.
987 3377 1083 3455 Aug„
1111 3373 1222 3438 Daniel

387 3593 417 3662 ⁴)
435 3594 502 3649 Cod.
520 3594 564 3646 B.:
587 3590 735 3655 nocherus,
763 3590 830 3644 Gnd.
849 3607 885 3644 a:
909 3589 1037 3643 Lubetus.
