3025 4409
338 488 401 552 asa
594 485 676 538 unet
693 483 761 537 vm.
796 461 980 542 1651-1653.

340 646 371 699 et
391 641 536 718 petulanti
562 640 664 719 lingua
689 641 798 702 misere
822 642 976 720 vapulavi,
1009 643 1101 704 tacito
1129 644 1238 718 livore,

340 742 441 802 hostili
462 743 533 802 odio
560 749 592 802 et
615 743 697 821 turpi
723 743 897 822 ingrataque
919 742 1134 818 desertione*)
1156 755 1236 806 sata-

339 842 478 920 gentibus
493 851 523 904 et
537 845 613 903 hanc
626 843 755 904 tabulam
774 843 962 921 potissimum
978 842 1162 920 ludentibus,
1179 847 1237 906 du-

338 944 473 1025 ravitque
493 945 566 1003 haec
587 943 685 1004 rabies
704 963 802 1023 usque
824 944 861 1003 ad
883 946 932 1004 22.
946 945 1060 1020 Martii,
1086 965 1147 1025 qua
1167 965 1237 1008 sese
1282 1011 1284 1016 ,

339 1044 369 1103 in
384 1064 474 1105 cavea
488 1045 526 1104 ad
539 1044 662 1104 insidias
679 1043 856 1119 recondidit,
877 1063 933 1122 per
948 1045 1139 1106 occasionem
1156 1066 1236 1126 quo-

337 1145 393 1206 ties
411 1146 540 1219 libuerit,
559 1153 710 1222 eruptura,
731 1145 930 1224 apparuitque
948 1143 1014 1204 sine
1030 1145 1116 1206 etiam
1130 1149 1237 1208 haere-

337 1264 408 1307 seos
429 1245 517 1325 culpa
539 1246 619 1305 bona
640 1263 734 1323 opera
753 1245 790 1306 iis
817 1265 884 1306 esse
906 1265 1008 1320 exosa,
1030 1247 1082 1326 qui
1102 1268 1157 1326 per
1173 1268 1237 1308 ma·

336 1346 436 1406 leticia
451 1366 514 1406 non
533 1347 572 1406 ad
588 1345 714 1420 coelum,
737 1347 791 1406 sed
813 1347 989 1425 occupanda
1010 1355 1157 1415 terrarum
1178 1370 1236 1428 gu-

336 1445 499 1506 bernacula
515 1447 702 1507 contendunt
723 1453 753 1506 et
773 1453 956 1524 grassantur,
978 1445 1030 1508 ubi
1050 1448 1138 1511 bonis
1159 1451 1235 1511 viris

337 1551 367 1605 et
392 1547 521 1621 civibus,
550 1567 680 1628 quorum
706 1547 802 1608 virtus
824 1554 871 1608 est
896 1548 1048 1609 formidini
1070 1557 1101 1610 et
1121 1569 1235 1629 expro-

335 1647 476 1721 brationi,
502 1656 637 1727 paratum
669 1654 715 1708 est
748 1654 923 1728 certumque
952 1649 1000 1709 vel
1034 1649 1154 1710 exitium
1183 1652 1233 1711 vel

335 1749 465 1810 exilium.
512 1749 613 1828 Aeger
642 1767 715 1826 ergo
742 1748 845 1824 animi,
880 1768 948 1808 oum
976 1749 1115 1828 corporis
1144 1750 1234 1812 etiam

334 1851 441 1912 morbo
462 1857 544 1911 totus
570 1848 730 1925 dejicerer,
757 1848 870 1910 secessi
891 1848 1057 1928 'lubingam
1082 1851 1234 1912 curandae

333 1951 512 2012 valetudinis
538 1969 629 2010 causa
648 1951 678 2008 4.
690 1947 803 2026 April,
827 1955 972 2026 exceptus
992 1949 1110 2010 liberali
1128 1952 1233 2031 hospi-

333 2052 376 2113 tio
402 2048 618 2127 matronaefl)
643 2048 778 2110 loamiae
804 2068 822 2108 a
848 2049 1065 2111 Mundelsheim
1092 2071 1111 2110 a
1136 2051 1234 2114 tribus

333 2153 505 2214 successive
522 2149 693 2230 Giiltlingiis
706 2149 853 2224 viduatae,
875 2146 927 2209 ubi
944 2149 974 2210 in
986 2150 1137 2229 Apollinis
1158 2154 1233 2214 sede

333 2253 431 2334 (quod
451 2251 583 2328 mireris)
604 2270 662 2311 nec
682 2248 830 2310 medicum
846 2269 904 2309 nec
921 2250 1098 2312 medicinam
1121 2258 1232 2333 reperi,

334 2353 517 2433 domumque
544 2372 577 2411 re
603 2352 712 2411 infecta
739 2353 787 2412 13.
816 2351 950 2429 ejusdem
976 2352 1065 2426 redii,
1100 2352 1233 2434 indeque

335 2473 403 2513 cum
424 2452 537 2512 difficili
556 2451 664 2511 morbo
681 2450 821 2528 luctatus,
843 2454 932 2514 vitam
954 2453 1032 2514 iuter
1053 2454 1233 2516 intensionis

335 2560 366 2614 et
379 2551 564 2614 remissionis
583 2551 665 2612 vices
681 2559 835 2634 utcunque
847 2555 992 2633 protraxi.
1025 2555 1143 2614 interea
1163 2575 1233 2616 aca-

335 2654 449 2714 demiae
458 2652 676 2732 Tubingensis²
685 2651 737 2728 ⁹⁴)
747 2653 811 2716 sive
822 2653 994 2716 reformatio
1007 2654 1071 2714 sive
1080 2657 1232 2719 restitutio

333 2773 441 2834 magno
461 2753 615 2814 molimine
635 2760 790 2833 suscepta,
819 2754 966 2835 suppletis
987 2753 1138 2834 aliquibus
1158 2777 1232 2836 pro-

333 2854 500 2918 fessoribus
520 2854 598 2916 sacri
617 2853 807 2933 potissimum
827 2855 951 2932 ordinis,
973 2875 1101 2936 quorum
1124 2859 1232 2920 docto-

333 2957 389 3017 rali
408 2955 628 3034 inaugurationi
649 2955 710 3015 dux
731 2955 797 3034 ipse
818 2976 886 3017 cum
902 2955 1010 3018 illustr.
1026 2977 1179 3038 gynaeceo
1202 2968 1233 3022 et

333 3058 402 3120 aula
418 3056 552 3118 interfuit
566 3058 595 3115 4.
609 3055 698 3129 Junii,
720 3057 904 3137 remotisque
925 3059 1088 3135 nonnullis,
1110 3061 1230 3122 adiecto

333 3162 363 3222 in
383 3166 532 3221 rectorem
549 3155 685 3234 principe
701 3157 820 3217 loanue
836 3158 991 3220 Friderico
1008 3164 1038 3221 9.
1051 3161 1133 3240 Maji,
1155 3181 1231 3223 oon-

333 3261 503 3341 stitutisque
529 3255 643 3318 salariis
669 3263 700 3316 et
728 3257 849 3317 nomine
876 3258 1097 3323 Eberhardinae
1122 3264 1230 3325 acade-

330 3413 527 3426 -.—--

397 3490 427 3559 *t
444 3488 512 3541 God.
529 3487 574 3540 B.:
594 3486 751 3541 desertione
767 3503 859 3543 rerum
876 3504 994 3544 suarum.

381 3572 427 3641 ll)
444 3571 514 3628 Cod.
530 3571 562 3627 B.
579 3576 607 3625 et
624 3587 662 3625 a:
686 3571 789 3628 nobilia
806 3577 956 3628 matronae.
