3025 4409
325 502 375 587 ,78
608 495 689 550 urna
705 494 736 549 u.
773 493 957 550 lari-ram.

333 660 418 729 sunt,
437 658 467 714 et
488 670 526 713 ex
547 652 622 713 turri
643 652 805 714 collectum
825 671 877 713 aes
898 650 982 732 quod
1001 650 1125 713 minimo
1149 672 1227 732 pon-

332 754 405 815 dere
425 773 444 815 e
464 752 615 832 campanis
637 754 800 833 superfuit3
821 755 872 816 2⁰.
890 772 966 813 vero
987 752 1132 813 Octobris
1155 752 1227 814 illu-

322 854 429 927 ‚striss
458 853 572 933 patriae
604 854 747 933 princeps
773 854 842 915 lob.
867 852 1042 914 Fridericus
1073 862 1130 915 etc.
1157 874 1227 915 cum

331 954 506 1016 celsissimis
531 955 671 1017 fratribus
701 954 785 1015 lulio
806 955 962 1017 Friderico
990 962 1020 1015 et
1044 953 1156 1033 Magno
1189 974 1227 1016 ac

329 1054 564 1136 generosissimo
591 1055 644 1116 illo
675 1056 769 1116 heroe
805 1054 939 1116 Gratone
970 1053 1142 1119 Hebenloin
1171 1075 1226 1116 co-

330 1156 400 1217 mite
425 1152 529 1233 templi
549 1154 658 1217 ruinas
672 1154 756 1231 vidit,
781 1154 857 1217 vidit
881 1156 1002 1236 inquam
1028 1160 1058 1216 et
1083 1155 1228 1235 ingemuit

328 1276 365 1317 ac
385 1255 572 1316 restaurandi
593 1254 745 1316 excelsum
765 1255 980 1337 liberalemque
999 1256 1129 1316 animum
1150 1274 1226 1317 con-

329 1358 409 1438 cepit
440 1358 566 1437 ejusque
589 1353 706 1416 initium
736 1376 793 1436 per
818 1356 981 1419 Henricnm
1008 1356 1224 1418 Schickardum

327 1458 477 1519 celebrem
497 1457 692 1517 architectum
719 1477 806 1518 suum
833 1458 924 1517 dedit.
965 1457 1043 1518 Hinc
1063 1458 1114 1518 26.
1127 1457 1224 1518 Octo·

328 1558 392 1620 bris
418 1577 489 1619 area
514 1563 640 1637 purgata
664 1565 695 1617 et
715 1558 825 1637 egestis
846 1556 969 1636 publico
989 1558 1095 1619 labore
1114 1557 1223 1637 lapidi-

326 1659 394 1735 bus,
415 1658 484 1720 unis
505 1656 654 1719 columnis
675 1664 705 1719 et
725 1659 856 1719 arcubus
877 1659 1004 1719 maxime
1019 1659 1154 1721 vitiatum
1168 1679 1223 1738 ap-

327 1760 440 1839 paruit,
467 1758 522 1821 sed
550 1764 580 1819 et
606 1759 698 1821 turris
724 1780 785 1841 qua
812 1760 843 1819 in
870 1759 1114 1821 deambulacrum
1141 1760 1223 1821 desi-

326 1860 370 1921 uit
401 1860 515 1921 diffissa
542 1864 572 1919 et
597 1867 740 1940 corrupta
767 1860 835 1921 hiat
876 1859 915 1920 Et
939 1861 1013 1920 haec
1039 1860 1133 1921 altera
1154 1861 1222 1941 qui-

326 1961 393 2023 dem
413 1961 577 2040 Vailringae
597 1960 686 2041 plaga
712 1960 768 2021 luit
798 1979 866 2020 cum
892 1960 944 2021 ille
971 1960 1094 2021 nimium
1121 1960 1221 2023 cultus

323 2062 497 2123 Dlonlsle
518 2061 649 2141 poenaM
660 2059 812 2120 ClVitatls
828 2060 968 2139 repetllt:
989 2068 1117 2142 utraque
1136 2070 1221 2125 certe

243 2149 249 2161 ’
323 2164 386 2223 irae
407 2162 524 2223 divinae
545 2161 719 2242 plenissima
739 2160 909 2242 damnoque
929 2161 1008 2222 baud
1029 2162 1145 2243 exiguis
1164 2182 1219 2223 an·

322 2266 371 2326 nis
391 2262 552 2343 reparabili
572 2261 672 2322 noxia.
705 2260 824 2321 Gemini
833 2261 925 2339 hujus
941 2261 1072 2323 incendii
1087 2282 1125 2323 ex
1141 2283 1217 2326 vero

323 2364 486 2443 descriptio
520 2362 619 2423 fraudi
649 2360 719 2421 milri
746 2361 803 2422 luit
832 2362 936 2443 illique
961 2382 1092 2443 quorum
1128 2364 1218 2444 culpa

323 2464 423 2527 obiter
442 2482 478 2524 ac
504 2468 584 2523 tecte
604 2461 758 2541 indigitata
784 2462 898 2524 irritati.
933 2463 1078 2544 Princeps
1104 2464 1217 2526 calum-

322 2567 390 2628 niae
410 2565 466 2626 luit
485 2562 712 2643 subpraefectus
732 2561 844 2623 'lobias
864 2565 1132 2641 Brackenlreimer,
1152 2586 1216 2627 ma-

321 2667 360 2729 lis
380 2665 494 2727 artibus
519 2684 538 2724 a
557 2662 794 2741 ludimagisteric
815 2682 854 2753 ep
883 2671 1020 2742 evectus,
1046 2664 1099 2746 qui
1122 2664 1216 2727 intra·

322 2768 366 2829 vit
385 2774 420 2828 ut
439 2764 556 2844 vulpes,
577 2762 695 2825 voravit
714 2771 747 2825 ut
767 2764 868 2843 lupus,
889 2765 1003 2841 ejectus
1017 2765 1147 2847 denique
1168 2775 1215 2829 est

321 2874 356 2929 ut
386 2866 468 2928 canis
497 2884 539 2927 sc.
566 2862 722 2943 peculatus
753 2884 833 2926 reus.
890 2865 928 2926 Et
957 2867 1038 2928 hunc
1063 2866 1214 2929 hominem

320 2968 405 3045 (cum
417 2986 488 3028 suas
497 2965 588 3027 aedes
605 2964 673 3045 igne
688 2964 885 3043 perdidisset)
899 2964 931 3025 in
945 2965 1117 3027 diaconales
1131 2987 1214 3029 meas

319 3068 539 3130 intromiseram
556 3065 679 3127 biennio
694 3065 843 3146 hospitem
861 3066 1018 3145 ingratum,
1052 3066 1153 3127 Latuit
1167 3075 1213 3127 ta-

319 3186 389 3230 men
415 3168 474 3229 hoc
501 3168 585 3231 virus
612 3186 710 3249 usque
736 3167 776 3228 ad
801 3164 912 3227 abitum
940 3185 1054 3242 meum,
1082 3166 1121 3227 de
1148 3186 1211 3249 qno

318 3288 391 3332 mox
416 3268 521 3331 dicam.

359 3371 477 3431 luterea
502 3388 570 3430 cum
590 3367 724 3429 nondum
749 3366 819 3428 bilis
850 3386 939 3449 quam
963 3366 1119 3429 nonnullis
1143 3388 1210 3430 mo·

317 3487 420 3532 veram
446 3468 556 3531 libellis
584 3468 659 3531 meis
687 3467 864 3545 resedisset,
891 3467 949 3529 etsi
974 3467 1006 3528 in
1027 3467 1210 3549 Griiningeri

314 3571 545 3651 aequanimitate
565 3570 637 3633 satis
657 3568 799 3650 praesidii
818 3574 908 3644 esset,
928 3573 1027 3630 tamen
1040 3568 1210 3631 lobannem
