3025 4409
441 435 512 490 Fata
527 429 616 506 gentle
632 430 835 488 Steudliniuuae
853 439 1019 492 enarrantur.
1116 441 1178 507 169

282 609 407 672 remque
433 589 519 652 duxit
543 587 710 651 Bernhardi
729 587 845 649 Alberti
871 588 999 652 celebris
1028 592 1179 673 quondam

281 693 528 772 Augustanornm
553 689 688 770 theologi
715 688 821 766 liliam,
850 689 949 750 variae
969 693 1095 770 posthac
1116 694 1179 756 lor-

283 802 375 855 tunae
396 793 518 868 sociam,
540 811 609 853 cum
630 809 698 872 qua,
720 810 826 852 eversa
847 789 888 850 ibi
905 790 1051 871 religione
1071 805 1100 855 et
1117 815 1180 856 uon

283 895 391 956 leviter
411 894 537 959 turbetis
558 894 649 956 rebus
671 893 743 970 suis,
766 893 803 954 ad
825 910 882 954 nos
904 892 1001 970 rediit,
1023 913 1080 956 nec
1102 895 1181 956 dilli-

284 995 381 1058 culter
410 995 513 1058 locum
537 999 716 1059 honoratum
742 995 774 1055 in
799 993 1028 1075 Backnangensi
1054 995 1182 1059 ecclesie

284 1096 506 1176 obtinuit¹⁰⁷).
553 1097 615 1160 Sed
639 1095 722 1177 quod
744 1095 924 1157 Palatinatus
949 1096 1081 1158 caesarei
1106 1097 1180 1177 pha-

283 1198 356 1260 leris
384 1204 414 1258 et
435 1197 625 1279 equestribus
652 1195 818 1275 insignibus
844 1203 1017 1276 urgeretur,
1044 1198 1121 1260 inlra
1147 1217 1181 1260 se

286 1298 386 1362 omnia
406 1305 511 1360 nostra
530 1305 623 1375 ratus,
646 1295 825 1377 Cempidoui
842 1298 1014 1362 antistitium
1033 1319 1089 1380 per
1109 1299 1182 1361 ami-

287 1419 342 1462 cos
362 1406 528 1476 assecutus,
550 1400 633 1482 quod
652 1398 731 1461 uitae
752 1398 909 1478 superfuit,
930 1399 1009 1461 inter
1021 1399 1105 1463 urbis
1126 1401 1182 1463 ita-

285 1508 365 1564 ratcs
387 1502 600 1582 occupationes
622 1507 653 1562 et
674 1499 867 1579 direptiones,
889 1519 945 1578 pro
967 1501 1096 1580 partium
1117 1507 1181 1564 stu-

286 1606 343 1668 diis
370 1605 474 1666 durius
501 1623 536 1664 ac
564 1602 664 1664 mitius
685 1599 819 1677 babitus,
847 1619 966 1681 semper
986 1607 1085 1664 tamen
1104 1603 1183 1664 male

285 1705 444 1768 muletatus
466 1710 497 1765 et
516 1707 624 1764 exutus
645 1701 750 1777 bonis,
782 1701 912 1763 extincte
931 1721 1072 1765 moerore
1092 1702 1183 1765 animi

286 1813 317 1869 et
342 1805 510 1870 terroribus
538 1801 688 1864 continuis
716 1803 828 1881 optima
858 1804 1000 1884 conjuge,
1032 1803 1098 1883 ipse
1123 1823 1182 1866 nu-

285 1905 442 1988 pera¹⁶⁸)
476 1906 560 1968 urbis
587 1903 753 1965 calamitate
779 1923 943 1966 numeroso
970 1904 1062 1966 milite
1088 1905 1182 1968 obru-

286 2019 350 2088 tus,
382 2009 482 2072 subito
508 2027 565 2070 nec
586 2006 660 2068 citra
680 2005 789 2069 veneni
810 2004 1012 2085 suspicionem
1034 2005 1183 2069 extinctus

288 2109 434 2190 esim),
465 2110 512 2172 vir
538 2108 677 2189 longiore
697 2109 759 2171 vita
780 2107 886 2188 dignus
913 2107 1043 2190 mihique
1065 2107 1200 2176 amieis·-¹

287 2215 397 2291 simus,
418 2234 454 2275 ac
475 2231 581 2274 revera
601 2212 679 2275 inter
698 2230 825 2292 magnos
846 2209 1058 2287 numerandus
1081 2211 1108 2272 si
1127 2211 1183 2271 mi-

288 2337 347 2380 nor
368 2337 435 2380 esse
456 2316 615 2396 potuisset.
651 2316 741 2376 Pater
761 2311 872 2374 multae
892 2311 987 2393 prolis
1008 2313 1104 2376 sactus
1126 2321 1181 2392 est,

288 2421 344 2482 sed
361 2420 460 2481 minus
481 2417 594 2494 vitulis,
620 2435 678 2478 nec
705 2415 769 2478 seio
797 2434 836 2477 an
856 2433 894 2475 ex
915 2416 973 2478 hoc
994 2416 1105 2478 frutice
1126 2415 1182 2478 ali·

288 2521 361 2605 quid
382 2519 522 2600 supersit.
559 2517 638 2580 Cum
658 2518 779 2580 lortuna
799 2517 932 2580 variante
953 2519 1036 2580 omni
1055 2519 1116 2582 vita
1135 2518 1184 2582 lu-

288 2629 400 2698 ctatus,
428 2639 519 2702 saepe
544 2621 717 2702 benignam,
752 2620 807 2682 sed
828 2618 955 2682 subinde
975 2619 1186 2702 malignantem

289 2731 432 2807 expertus
449 2731 505 2802 est,
527 2724 612 2806 quasi
626 2721 803 2785 indomitum
816 2721 951 2803 alioquin
961 2720 1114 2800 ingenium
1126 2724 1186 2785 hoc

288 2828 376 2889 ireno
405 2827 607 2888 coercendum
628 2831 717 2888 esset.
767 2825 881 2886 Sedet
903 2823 1062 2885 exactionis
1084 2824 1185 2887 erudi-

289 2929 380 2992 tionis
405 2927 492 2990 nervi
513 2928 650 3006 deerant,
677 2948 755 3010 quae
775 2928 890 3007 majora
910 2925 1071 3006 spirantem
1098 2932 1129 2988 et
1154 2925 1186 2989 in

290 3029 441 3112 dignitatis
461 3034 551 3111 atque
573 3029 799 3094 existimationis
821 3029 916 3110 gradu
940 3027 1073 3110 positum
1094 3028 1187 3092 desti·

289 3133 428 3209 luebant,
457 3151 536 3214 quos
555 3132 668 3214 ingenii
688 3131 811 3194 solertia
838 3137 867 3193 et
888 3131 951 3195 oris
971 3130 1187 3212 promtitudine

290 3241 443 3317 utcunque
469 3234 629 3315 supplevit.
673 3234 703 3298 2.
718 3230 833 3313 Julii*)
855 3234 949 3298 filium
970 3232 1103 3296 Gottlieb
1124 3231 1187 3312 pri·

290 3358 372 3402 mum
403 3337 494 3400 domo
523 3336 622 3414 emisi,
660 3344 690 3399 et
718 3336 750 3398 in
782 3336 879 3402 sinum
906 3335 1187 3418 probatissimorum

359 3554 387 3625 ι)
403 3553 471 3609 coa.
488 3507 522 3607 a]
538 3555 566 3607 aa
581 3551 626 3608 a:
652 3551 692 3610 12.
707 3550 788 3606 unu
