3025 4409
429 521 570 575 Fautores.
605 522 757 576 Literarum
776 525 977 584 commercium.
1087 536 1148 595 113

257 677 347 737 nonis
379 677 552 756 singularis,
583 679 717 740 moribus
748 681 882 760 probatis
914 683 1044 763 mihique
1071 703 1144 745 con-

252 777 469 854 junctissimos
492 777 759 859 nrtnncnolpn,
784 781 1065 861 CasparSeitmann,
1087 786 1142 846 Jo-

256 880 343 939 bann.
358 879 521 939 Bernhard.
537 881 669 958 Wagner
690 890 719 941 et
732 882 904 943 Zachariam
925 885 1033 945 Greins
1054 905 1141 964 prae-

256 980 352 1040 iectos
370 987 440 1054 tres,
452 979 556 1039 Jacob.
568 981 733 1040 Bestiinum
747 982 830 1042 urbis
846 990 968 1062 pestem,
984 985 1051 1046 Job.
1064 985 1141 1046 Kiir-

254 1099 362 1140 nerum
383 1079 457 1140 recti
476 1079 641 1140 studiosum
664 1090 693 1142 et
717 1081 966 1164 Christophorum
987 1085 1141 1162 MaJ'erum.

254 1179 469 1240 commendavi
484 1180 618 1241 ecclesiis
633 1183 673 1241 23
687 1183 847 1243 ministros.
882 1185 1028 1247 Fautores
1040 1194 1069 1248 et
1080 1205 1140 1246 ma-

252 1281 436 1342 nuductores
465 1301 501 1340 ex
526 1281 626 1341 vicino
647 1281 851 1361 Hirsaugiensi
872 1286 1021 1348 coenobio
1042 1287 1140 1347 fuere:

252 1381 319 1441 Job.
333 1380 474 1455 Huzelin,
496 1380 605 1442 Paulus
627 1381 781 1442 Ruccerus
804 1390 833 1443 et
862 1383 1002 1447 Albertus
1023 1387 1144 1448 Bauhoi

252 1483 383 1557 abbates,
407 1499 443 1542 ex
464 1481 573 1562 quibus
594 1481 652 1542 illis
673 1481 853 1560 suprema*)
872 1484 948 1559 dixi,
969 1487 1139 1548 Ruccerum

252 1582 338 1644 etiam
369 1591 403 1644 nt
433 1581 558 1642 alterum
585 1589 697 1661 patrem
724 1583 806 1643 omni
837 1584 896 1644 vita
921 1585 1056 1665 lugebo
1092 1587 1143 1648 Ex

251 1683 427 1762 proceribus
454 1682 606 1762 Philippus
632 1682 705 1742 baro
731 1683 935 1763 Limpnrgins,
964 1685 1034 1746 Job.
1056 1687 1139 1748 Hen-

250 1784 332 1845 ricns
353 1783 390 1844 ab
413 1783 579 1861 Offenburg
603 1789 722 1860 praeter
748 1801 802 1842 eos
831 1803 908 1863 quos
924 1785 987 1860 jam
1014 1785 1075 1846 dixi
1101 1807 1137 1849 ac

252 1903 347 1964 quem·
359 1903 511 1964 nunquam
532 1884 596 1945 sine
617 1884 732 1942 bonore
751 1883 960 1961 nominavero,
981 1887 1137 1965 Benjamin

249 1985 497 2064 Buwingbausius
508 1983 737 2055 Walmerodius‚
759 1983 806 2044 vir
823 1983 941 2044 maximi
961 2003 1044 2061 nsua,
1057 1975 1136 2066 ¹pro-

248 2086 396 2164 pensione
422 2105 476 2145 sna
501 2077 658 2164 plurimum
685 2084 891 2155 sublevarunt;
919 2083 1048 2167 denique
1067 2106 1136 2149 cum

250 2185 361 2246 exteris
381 2185 549 2264 negociatio
563 2186 693 2246 literaria
706 2195 823 2266 tempus
837 2186 1013 2263 transmisit,
1034 2197 1067 2248 ut
1083 2190 1135 2270 qui
1249 2235 1251 2239 -

249 2301 387 2348 annonae
404 2284 538 2364 flagellis,
561 2289 722 2348 monetaria
739 2283 988 2366 profusionefl),
1009 2287 1060 2349 lue
1077 2307 1134 2368 po·

247 2387 347 2466 pniari
372 2396 402 2447 et
428 2385 501 2447 belli
525 2395 698 2466 tempestate
718 2388 829 2450 funesti
850 2394 950 2448 essent
969 2387 1053 2464 anni,
1080 2407 1136 2468 pa·¹

247 2488 350 2550 randis
369 2486 602 2568 excolendisque
622 2489 755 2550 amicitiis
776 2487 1025 2567 transigerentur,
1057 2509 1134 2570 quae

248 2605 339 2667 supra
366 2608 449 2667 spem
474 2588 574 2649 variae
594 2609 630 2650 ac
649 2607 739 2669 saepe
758 2595 877 2668 praeter
898 2589 1133 2668 expectationem

247 2689 382 2764 Lutetiis,
402 2689 532 2764 Genera,
551 2689 677 2766 Basiiea,
694 2690 904 2768 Argentorato,
925 2689 1147 2770 Heidelberga,

244 2789 424 2865 wormatia,
445 2788 587 2866 Colonia,
608 2789 802 2868 bureburgo,
829 2787 937 2864 Callis,
957 2789 1132 2868 Rostocbio,

247 2888 387 2964 Gedano,
414 2888 617 2965 Stralsnndio,
644 2889 739 2950 bosna
759 2888 1131 2970 Poloniae,‘Witteberga,

245 2988 361 3066 Lipsia,
386 2988 533 3063 Hildesia,
559 2991 648 3064 Jena,
679 2988 797 3063 Lincio,
826 2988 955 3065 Vienna,
987 2988 1131 3069 Augusta,

245 3087 430 3167 Noriberga,
456 3088 596 3150 Altoriiio
618 3088 753 3167 obtigere
775 3096 804 3148 et
823 3088 967 3167 temporis
986 3075 1149 3151 acerbita-

244 3195 304 3248 tem
324 3187 519 3268 mitigavere.-
555 3189 672 3265 Quibus
697 3189 787 3249 animi
811 3190 1019 3250 recreamentis
1038 3190 1131 3251 inter·
1159 3263 1160 3267 Ἰ

243 3288 334 3368 posui
356 3290 515 3384 ¹honestam
539 3307 575 3348 ex
601 3289 783 3368 picturarum
810 3289 962 3368 elegantiis
988 3286 1130 3351 etartifi-

311 3517 338 3587 ’)
356 3485 424 3570 Cori.
444 3518 474 3568 Α.
492 3515 522 3569 Β.
540 3522 568 3570 et
584 3533 621 3570 a:
644 3531 774 3587 suprema
789 3517 880 3573 rerba.

300 3600 342 3670 ⁴⁴)
361 3601 429 3655 eod.
446 3603 475 3654 A.
493 3607 521 3653 et
543 3599 585 3654 a:
613 3600 779 3656 coniusione.

915 3695 935 3753 8
