3025 4409
463 508 517 564 llat
533 507 627 564 curba
644 504 775 562 mbrldla
810 505 874 562 Vox
890 505 986 564 libera.
1110 511 1171 576 207

274 667 438 728 ascisceret
452 665 501 727 die
515 664 663 726 Miehaele
678 683 767 727 sacro
785 664 835 726 29.
850 665 1001 744 Septemb.
1021 665 1172 744 stipendio

275 788 378 830 annuo
406 769 467 828 tto
487 757 685 847 imperialium
711 766 891 844 constituto,
919 786 981 848 quo
1008 772 1104 828 totum
1124 782 1172 828 rue

276 891 380 948 suum,
402 875 547 951 quantum
567 888 617 930 res
637 868 750 949 patriae
770 887 855 929 meae
877 868 1024 946 sinerent,
1051 868 1173 946 iaceret,

274 973 319 1035 nti
337 972 476 1054 proiecto
497 971 602 1049 habet,
629 971 661 1033 id
682 971 765 1053 quod
785 970 913 1050 ingenue
936 980 966 1032 et
986 977 1089 1033 sancta
1113 969 1173 1030 fide

274 1075 432 1156 profiteor.
476 1075 585 1155 Exigui
606 1095 679 1137 saue
701 1081 731 1136 et
746 1071 957 1152 jucundissimi
977 1072 1090 1134 laboris
1110 1091 1173 1134 ma-

275 1179 388 1241 ninum
407 1177 550 1258 pretium,
581 1197 623 1240 sc.
640 1183 674 1239 ut
700 1197 778 1259 quae
801 1175 832 1236 iu
853 1194 918 1237 rem
939 1175 1084 1238 ecclesiae
1104 1173 1174 1236 illu-

276 1280 332 1344 stri
344 1279 459 1357 auimo,
473 1278 588 1358 judicio
608 1285 716 1341 exacto
733 1285 764 1341 et
782 1276 905 1340 solertia
925 1274 1094 1338 incredibili
1108 1274 1174 1356 ipse

275 1379 469 1465 pangit²¹⁰),
485 1400 543 1462 ego
556 1379 661 1462 lapillo
674 1401 743 1444 meo
761 1381 870 1462 exiguo
885 1378 1094 1461 approbarem.
1116 1378 1175 1440 Va-

276 1487 340 1550 lido
350 1487 413 1565 jam
425 1486 505 1547 laeto
517 1482 688 1576 dominatu²
697 1483 708 1520 ¹
718 1482 750 1561 ¹)
764 1504 857 1572 uovo2
876 1483 982 1546 Simon
994 1483 1082 1546 etiam
1098 1498 1175 1546 vana

278 1609 333 1670 spe
353 1589 442 1651 altius
464 1586 637 1668 emergendi
656 1585 809 1648 brachium
829 1587 888 1648 hoc
908 1585 1074 1664 amplexae,
1095 1603 1175 1664 genu

277 1691 372 1753 flectit
391 1689 540 1773 simulque
552 1687 697 1752 eeclesiae
709 1689 781 1766 jura
798 1689 937 1769 proditor
947 1687 1087 1767 perdidit,
1107 1699 1177 1748 cum

279 1812 341 1875 quo
361 1791 461 1854 idibus
474 1792 595 1855 Martiis
608 1789 718 1852 acerba
736 1789 808 1852 mihi
826 1789 981 1853 altercatio
1001 1789 1066 1865 luit,
1088 1788 1176 1866 cnjus

278 1894 421 1957 indicium
441 1894 512 1956 Vox
531 1894 627 1956 libera
647 1891 756 1952 emissa
776 1900 806 1955 et
825 1893 906 1972 apud
916 1890 992 1971 Aug.
1009 1889 1176 1970 principem

280 1997 432 2077 deposita,
452 1994 525 2056 fidei
544 2013 630 2056 meae
648 2000 858 2057 testamentum
876 1991 1035 2074 supererit.
1068 1989 1116 2052 Ab
1138 2008 1176 2052 eo

279 2105 379 2160 mmen
398 2103 535 2178 tempore
559 2095 714 2158 labascere
742 2115 792 2157 res
820 2095 965 2160 ecclesiae
995 2099 1118 2156 nostrae
1147 2096 1178 2153 et

280 2206 363 2262 retro
378 2199 465 2277 verti,
485 2198 575 2262 uuins
596 2199 708 2280 quippe
728 2196 852 2260 arbitrio
873 2197 939 2260 siue
959 2195 1065 2278 regula
1085 2201 1177 2257 etre-

280 2301 395 2384 ligioue
421 2299 592 2380 subjectae,
617 2301 674 2363 sed
697 2318 756 2362 aec
776 2297 814 2360 ab
841 2297 907 2362 aliie
934 2298 1090 2362 ordinibus
1113 2315 1177 2359 ma·

281 2403 328 2485 gis
348 2408 560 2482 temperatum
581 2419 650 2462 nam
670 2421 739 2463 cum
757 2401 863 2464 nescio
883 2402 953 2486 quis
974 2399 1111 2464 tenebrio
1132 2398 1178 2462 ia·

280 2523 369 2569 moso
389 2503 509 2582 hbello‚
530 2502 586 2566 sed
606 2502 780 2584 obsignato,
808 2523 917 2569 novam
937 2521 1040 2568 rerum
1058 2509 1179 2568 nostre

281 2621 350 2670 rum
369 2605 476 2668 laciem
495 2604 858 2687 perstrinxisselerretur‚
879 2625 987 2688 magna
998 2605 1180 2670 contumelia

282 2709 315 2771 in
333 2725 441 2771 omues
462 2707 671 2788 cujuscunque
685 2705 820 2787 honoris,
842 2709 1024 2773 conditionis
1041 2715 1072 2771 et
1084 2709 1184 2784 lamae

282 2811 367 2874 siros
386 2807 562 2892 inquisitum
582 2815 638 2888 est,
659 2811 776 2889 majore
796 2811 985 2892 arrogantiae
1005 2827 1044 2872 an
1063 2809 1181 2890 incogi-

282 2914 393 2976 tantiae
418 2916 610 2993 argumeuto,
642 2926 711 2973 oum
733 2911 772 2972 de
797 2911 908 2975 libellis
934 2911 1065 2976 occlusis
1090 2929 1180 2975 nemo

283 3014 484 3096 ptentmeiare
503 3019 621 3093 posset,
639 3013 750 3076 nedem
770 3012 871 3076 vellet.

326 3112 400 3180 Mihi
417 3115 474 3180 sub
484 3110 598 3194 Aprilis
612 3110 736 3193 initium,
756 3121 792 3178 ut
804 3113 950 3195 pastorali
965 3113 1077 3180 Gairae
1094 3129 1181 3178 mm

284 3218 402 3282 muneri
421 3218 578 3300 meusque
595 3202 760 3298 suspensae
775 3218 993 3296 renunciarem,
1012 3217 1182 3298 tujanum

286 3317 432 3398 est¹¹¹);
451 3318 528 3381 illue
540 3332 614 3399 ergo
629 3334 679 3379 me
695 3317 810 3380 contuli
823 3325 853 3381 et
863 3315 913 3383 ts.
925 3319 999 3400 Apr.
1012 3339 1083 3382 cum
1096 3315 1183 3399 gregi

285 3440 355 3484 meo
375 3425 447 3501 post
466 3421 506 3482 21
529 3418 683 3482 custodiae
701 3439 813 3483 aunum
833 3421 944 3489 mutuis
964 3417 1104 3500 lacrymis
1128 3437 1182 3480 va-

285 3522 388 3601 ledixi,
403 3528 467 3584 tum
479 3541 689 3585 successorem
703 3528 856 3604 pastorem
867 3523 931 3602 iam
949 3521 1093 3604 probatae
1107 3517 1188 3580 utu

287 3622 539 3705 christophorum
551 3623 702 3687 Zellerum
720 3623 905 3706 inaugurari,
919 3628 1080 3704 praesente
1099 3621 1183 3703 pulu-
