3025 4409
583 507 713 564 Saubmti
730 507 842 564 Umbra.
1101 519 1160 580 211
1217 581 1219 585 ,

265 664 365 726 alieno
386 673 562 726 consumtus
583 673 643 738 est,
668 664 759 726 rebus
786 664 932 726 ecelesiae
958 666 1077 744 rejectis
1097 687 1159 744 am-

264 765 407 846 pliusque
430 764 594 826 vulneratis
615 765 716 846 (quod
738 785 755 825 a
776 765 900 827 medicis
921 765 984 828 siva
1005 767 1158 848 imperitis,

264 865 329 926 sive
349 865 453 926 alienis
475 866 541 926 fieri
561 865 684 926 omnino
704 884 864 926 necessum
887 867 946 942 est)
968 886 1045 946 quaa
1064 868 1159 947 pluri·
1260 933 1264 942 Ι

263 987 345 1028 mum
364 967 433 1028 inde
453 965 638 1027 laborarunt.
678 966 757 1028 lllud
779 967 857 1028 enim
878 976 997 1046 praeter
1012 969 1158 1032 Bellonae

261 1067 436 1146 vonginem
463 1067 571 1128 domos
598 1067 764 1128 Wiirtemb.
792 1067 974 1130 incrementa
1001 1077 1031 1130 et
1056 1069 1157 1147 hyme-

262 1186 339 1228 naea
358 1166 538 1246 poscebant,
566 1185 644 1246 quae
666 1177 737 1245 post
761 1167 876 1228 felicem
898 1168 1025 1230 natalem
1046 1169 1157 1248 princi·

262 1268 309 1346 pis
319 1268 470 1330 Willtelmi
483 1266 628 1328 Ludovioi
644 1267 672 1326 7.
683 1266 750 1328 lau.
763 1267 824 1328 nati
840 1273 870 1328 et
886 1270 935 1330 15.
947 1269 1051 1345 renati,
1070 1270 1155 1348 trina,

261 1366 351 1428 bonis
371 1368 482 1448 opinor
502 1366 660 1446 auspiciis,
681 1387 743 1429 uno
764 1375 900 1430 vertente
920 1387 1001 1430 anuo
1020 1370 1158 1432 confecta

263 1474 345 1528 sunt:
373 1489 402 1547 p.
425 1467 561 1529 Nimrodi
581 1467 676 1547 Sylvii
696 1471 746 1529 W.
769 1489 836 1530 ourn
849 1468 1087 1549 Miiusterbergia
1107 1473 1157 1536 at.

262 1567 374 1646 April,
398 1589 485 1649 quam
512 1569 670 1647 superiore
695 1588 775 1629 auno
804 1569 861 1629 sibi
887 1569 1103 1648 desponderat,
1124 1591 1155 1651 p.

262 1667 356 1728 Uinici
376 1671 425 1730 W.
447 1689 513 1730 curn
536 1667 649 1748 Sophia
675 1669 830 1729 Dorothea
854 1669 978 1730 Henrioi
1003 1669 1156 1734 Wilhelmi

261 1768 437 1830 Solmensis·
461 1777 491 1830 et
517 1769 629 1830 Mariae
655 1767 850 1848 Magdalenae
877 1769 1070 1847 Oetingensis
1102 1791 1155 1834 eo-

260 1870 365 1932 mitom
385 1871 447 1931 filia
466 1873 515 1932 10.
530 1869 655 1932 Octobr.
677 1875 708 1930 et
727 1890 756 1948 p.
775 1868 923 1948 Leopoldi
943 1868 1088 1932 Friderici
1104 1875 1153 1936 W.

260 1970 423 2050 Mompelg.
444 1991 512 2032 cum
533 1970 650 2050 Sibylla
668 1978 773 2032 nostra
799 1968 969 2030 Gratiarum
989 1971 1153 2036 Wiirtemb.

261 2071 381 2132 minima
407 2071 546 2133 21.Nov.
567 2069 695 2132 uinculis
714 2070 819 2150 utique
845 2069 883 2130 ad
908 2069 1098 2132 sanciendam
1124 2082 1154 2134 et

260 2171 446 2233 formandam
463 2170 655 2233 concordiam
670 2179 802 2232 mutuam
823 2169 1002 2250 opportunis
1019 2179 1048 2233 et
1070 2174 1154 2253 quod

261 2273 335 2334 faxit
353 2274 437 2334 Deus
465 2271 648 2334 efficacibus.
699 2271 761 2332 Sed
790 2279 820 2334 et
846 2289 883 2331 ex
909 2289 1063 2349 gynaeceo
1083 2272 1152 2334 illu-

260 2373 315 2436 stri
345 2372 477 2453 virgines
504 2374 582 2436 duae
609 2371 729 2433 nobiles
757 2371 890 2434 elaeatae
923 2379 1008 2434 sunt:
1040 2372 1155 2453 Agatha

259 2473 448 2553 Margaretha
472 2493 490 2533 a
516 2473 625 2534 Ninum
652 2471 806 2533 Ludorieo
834 2472 1091 2551 SperwersecoiO,
1124 2480 1155 2536 et

260 2576 416 2638 Dorothea
444 2573 615 2635 Elisabetlm
640 2571 799 2633 Utenlrofia
823 2572 935 2652 Wolfg.
962 2573 1154 2636 Theoderico

259 2676 423 2756 Megezero
444 2676 494 2735 11.
507 2673 647 2747 Octobr„
672 2673 753 2734 unde
775 2673 924 2752 hospitum
945 2672 975 2734 in
995 2673 1065 2735 aula
1084 2674 1153 2736 illu-

259 2775 365 2838 strium
391 2775 480 2854 plena
505 2775 590 2836 fuere
616 2774 730 2848 omnia,
756 2793 870 2834 summa
890 2780 994 2836 nostra
1017 2774 1154 2855 indigen-

258 2876 299 2954 tia
322 2874 534 2936 abundantiam
564 2872 724 2934 mentiente
754 2881 785 2935 et
811 2893 948 2954 annonae
978 2877 1153 2956 pauperiem

258 2977 363 3059 (quam
382 2984 483 3038 tamen
503 2975 573 3036 anni
590 2974 725 3036 fertilitas
737 2982 890 3056 utcunque
904 2974 1059 3052 sustinuit)
1079 2997 1152 3056 pro-

259 3078 390 3159 digente.
432 3078 556 3138 Praeter
582 3075 660 3136 enim
687 3074 869 3138 domesticos
897 3083 927 3138 et
951 3086 1076 3156 agnatos
1096 3079 1153 3140 ho-

259 3179 353 3259 spites
372 3176 522 3251 Juliades,
548 3176 746 3251 Rodericnm‚
776 3176 964 3238 Manfredum
985 3184 1015 3240 et
1035 3177 1059 3238 F
1060 3177 1151 3240 loria-

257 3299 328 3340 nam
358 3278 515 3338 Ernestam
545 3294 613 3337 curn
637 3283 732 3336 matre
760 3274 847 3336 Anna
879 3277 1003 3355 Sabina,
1034 3279 1151 3340 Annam

257 3376 545 3456 wirtembergicam‚
552 3375 701 3438 Palatinas
713 3375 797 3450 duas,
806 3377 1001 3454 Hohenloios‚
1012 3377 1151 3440 Solmen-

257 3497 323 3556 ses,
348 3475 604 3558 Rupispoletanos
629 3475 766 3556 aliosque
786 3477 959 3555 familiares,
986 3478 1151 3542 Turranius

257 3581 309 3641 3⁰.
326 3578 430 3654 mart„
458 3578 542 3640 Rosa
567 3576 707 3640 Trassius
733 3578 783 3639 18.
801 3578 901 3656 Mart,
928 3577 1151 3642 Schonbeccius

369 3697 385 3722 ‘
917 3681 956 3741 16
