3025 4409
319 522 361 581 22
605 516 688 568 Liber
704 517 724 568 l.
758 512 945 569 taso-toll

322 672 434 737 sendae
467 672 619 734 desiderio
651 691 798 733 aecensus
829 671 919 732 facile
950 672 1087 733 colorem
1113 669 1227 746 inveni,

323 786 358 835 nt
379 792 429 835 me
450 772 658 835 subducerem.
693 772 771 835 Nam
793 792 832 833 ex
851 771 981 833 alumnis
1000 771 1150 833 ilenricus
1164 770 1228 847 jam

326 874 448 935 militiae
483 873 539 934 snb
576 874 753 935 Marebione
782 873 913 935 Badensi
947 893 1059 934 nomeu
1094 872 1229 943 dederat,

324 976 520 1040 Burcltardns
547 974 620 1035 nihil
649 976 747 1037 minus
773 994 861 1056 quarn
885 973 1063 1035 eruditionis
1084 991 1168 1051 spem
1190 971 1229 1030 de

325 1098 359 1139 se
388 1074 560 1158 praebebat.
602 1076 707 1157 ltaque
734 1076 816 1136 bona
837 1072 946 1153 patris,
972 1074 1024 1153 qui
1046 1092 1104 1133 avo
1125 1082 1229 1151 patro-

327 1198 387 1239 nus
409 1185 611 1251 successerat,
633 1176 727 1255 gratia
749 1186 779 1237 et
800 1184 902 1236 mutem
923 1175 1070 1235 amicitiae
1090 1172 1227 1253 pignore,

324 1294 373 1339 me
401 1276 460 1336 boc
486 1275 626 1355 ligamine
653 1276 746 1350 solvi,
775 1296 836 1337 non
865 1276 963 1336 minus
983 1285 1082 1336 tamen
1103 1276 1230 1353 postlmc

326 1376 408 1438 omni
428 1376 489 1437 vita
503 1376 684 1439 benevolum
701 1378 792 1438 sensi.
828 1375 927 1453 Cujus
941 1376 1153 1437 recordatione
1161 1393 1229 1452 ¹non

326 1477 481 1551 abstineo,
516 1478 588 1557 quin
620 1478 733 1559 aliquid
764 1477 871 1536 addam
903 1485 1069 1537 memoratu
1097 1476 1230 1554 dignum.

327 1579 485 1641 Alllixerat
514 1578 584 1640 lon.
611 1578 843 1639 'l'rucbsessium
871 1580 932 1655 jam
962 1577 1104 1637 inclinata
1133 1585 1231 1636 aetate

327 1680 409 1741 renis
430 1680 520 1741 unius
545 1679 744 1755 exulceratio,
775 1700 852 1760 quae
872 1679 1072 1760 nequicquam
1092 1676 1231 1738 adhibitis

327 1780 450 1841 medicis
479 1789 509 1841 et
536 1780 699 1859 chirurgia,
728 1782 759 1840 in
786 1780 960 1842 lumborum
980 1778 1231 1859 putrefactionem

329 1890 359 1942 et
380 1877 487 1961 ingens
508 1881 619 1942 vnlnns
641 1882 763 1957 exarsit,
783 1890 817 1943 ut
831 1882 971 1962 corporis
984 1880 1148 1961 penetralia
1161 1898 1230 1940 cum

327 1982 420 2043 multa
440 1983 508 2044 tabe
529 1992 674 2063 paterent.
719 1984 831 2043 Malum
852 1984 974 2063 iugens,
1006 1982 1179 2042 diuturnum
1201 1991 1232 2042 et

328 2084 435 2145 snrnmi
457 2083 590 2157 doloris,
618 2082 675 2143 sub
697 2102 766 2162 qno·
781 2084 884 2143 vivere
904 2102 998 2162 posse
1019 2081 1121 2142 multis
1140 2080 1231 2141 mira-

330 2183 400 2245 culo
427 2184 497 2257 luit,
526 2182 626 2243 virum
649 2183 725 2243 baud
754 2202 827 2243 sane
848 2183 972 2256 malurn,
999 2182 1053 2243 sed
1075 2180 1231 2259 religionis

330 2276 583 2361 indiligentiorem
606 2282 694 2361 plane
710 2283 869 2358 convertit,
891 2291 924 2343 ut
937 2283 1019 2363 quod
1030 2281 1146 2361 piarum
1169 2301 1231 2341 rne-

329 2382 505 2443 dilationum
519 2390 548 2442 ct
560 2400 683 2461 precum
696 2382 894 2444 instrumenta
906 2383 1121 2443 conciliaverit.
1153 2381 1231 2443 Nam

329 2502 397 2543 crim
419 2481 457 2541 de
478 2481 575 2543 salute
597 2482 779 2558 ansomnes
794 2482 998 2562 desperarent,
1019 2482 1071 2543 ille
1084 2490 1232 2565 concepta

329 2583 359 2643 in
384 2584 482 2643 Deum
504 2582 563 2642 fide
585 2590 615 2643 et
636 2580 737 2642 arduis
759 2581 901 2661 precibus
925 2592 1109 2646 sustentatus
1131 2586 1233 2665 eoepit

330 2693 360 2746 et
391 2682 545 2745 consolari
576 2702 609 2744 se
637 2684 737 2763 ipsum
770 2692 800 2744 et
826 2683 865 2743 de
898 2703 933 2745 se
959 2684 1067 2746 melius
1098 2704 1231 2765 sperare.

330 2784 434 2866 ltaque
462 2783 580 2862 abjecte
607 2784 689 2845 omni
722 2784 850 2844 humana
876 2801 936 2863 ope
961 2785 992 2845 in
1018 2786 1116 2848 Deum
1142 2787 1232 2849 unice

331 2883 518 2945 incubuit-et
538 2884 709 2945 incredibili
730 2884 889 2945 tolerantia
909 2885 1100 2946 arixiliantem
1122 2906 1232 2968 exspe-

332 2984 423 3045 ctavit
445 2985 626 3065 tandemque
654 2984 791 3047 obtinuit.
833 2985 951 3045 Exinde
970 2986 1105 3048 lervidus
1125 2988 1164 3048 ab
1185 2989 1233 3049 in-

330 3084 416 3146 curio
438 3086 544 3161 lactare,
566 3086 639 3167 quid
660 3084 801 3165 religioni
818 3084 982 3165 solaminis,
1004 3088 1077 3167 quid
1089 3090 1233 3169 precibus

331 3185 481 3247 efficaciae
502 3194 532 3248 et
552 3184 660 3247 virium
682 3185 836 3261 subesset,
857 3187 1032 3266 praedicare
1052 3208 1115 3251 non
1137 3188 1234 3267 desiit,

330 3294 420 3366 atque
441 3286 471 3346 in
493 3286 538 3347 rei
560 3286 733 3347 memoriam
755 3286 914 3362 sacellum,
938 3290 1019 3369 quod
1041 3289 1070 3349 in
1091 3308 1163 3349 arce
1179 3290 1233 3350 lnt-

329 3384 419 3446 bebat
438 3385 511 3449 setis
532 3386 693 3463 incultum,
721 3388 824 3449 ornari
844 3388 988 3470 pingique
1008 3390 1114 3451 voluit.
1150 3390 1233 3451 llaec

330 3506 388 3567 ego
418 3506 519 3549 coram
546 3488 622 3568 vidi,
653 3510 721 3551 eum
748 3488 846 3549 virum
873 3490 1017 3569 optimum
1044 3496 1233 3569 postremum

331 3586 491 3651 inviserem
518 3589 663 3671 Crespaei
691 3592 726 3651 Α.
754 3590 837 3651 1620
868 3597 899 3650 et
930 3590 1044 3652 bonum
1077 3591 1107 3652 in
1140 3589 1233 3671 longe
