3025 4409
489 494 492 501 '
574 490 690 551 Raditur
706 493 735 551 in
753 494 883 571 patriam.
1139 512 1180 578 97

273 648 488 729 iurisconsulti
515 649 637 727 familia,
672 651 852 717 Andreauae
888 656 1000 720 dudum
1032 680 1179 742 connexa,

276 749 465 832 hospitaliter
485 750 603 825 habuit;
626 752 733 817 luisset
755 758 843 819 etiam
864 779 932 820 oum
953 780 988 821 ea
1005 764 1180 843 conjugium

276 858 480 929 contractum,
509 852 569 915 nisi
597 854 749 919 diversum
776 861 855 921 vitae
882 881 977 940 genus
998 877 1177 944 separasset

192 1004 194 1007 .
276 954 356 1015 Hinc
383 954 545 1035 Laviugam
566 960 727 1034 pertransii
754 968 784 1022 et
804 962 1057 1025 Heilbronuerum
1078 986 1178 1029 meum

276 1076 346 1117 cum
383 1055 486 1117 aulicis
516 1056 653 1119 ultimum
681 1061 825 1141 salutavi,
854 1066 917 1142 jam
944 1065 983 1127 de
1008 1066 1178 1130 imminente

274 1157 442 1219 mutatione
459 1156 619 1237 solicitum,
642 1169 713 1240 post
732 1170 832 1225 tamen
844 1165 963 1245 placida
982 1174 1080 1230 morte
1090 1188 1178 1248 prae-

275 1266 404 1340 reptum.
459 1258 677 1323 Heidenheimii
710 1267 792 1345 apud
820 1268 971 1330 sororium
997 1270 1179 1332 Braucbium

275 1360 338 1423 loci
365 1360 551 1441 praelectum
578 1364 710 1442 substiti,
735 1366 789 1429 ubi
818 1368 958 1451 Philippo
986 1372 1088 1433 comiti
1116 1372 1177 1434 Oe-

276 1464 408 1543 tingensi
438 1463 614 1529 conciliatus
641 1469 730 1548 plane
755 1469 787 1529 iu
816 1469 930 1533 deliciis
957 1473 1075 1537 habitus
1101 1496 1177 1554 sum,

275 1565 405 1628 multum
440 1568 652 1645 stomachanti,
691 1572 775 1653 quod
806 1592 824 1632 a
855 1592 943 1635 sacro
977 1575 1083 1636 ordine
1115 1596 1176 1657 quo

275 1690 325 1732 me
347 1668 488 1732 anhelare
504 1670 711 1749 intellexisset,
733 1693 862 1734 avocare
876 1695 938 1735 non
955 1686 1070 1755 posset.
1103 1679 1178 1741 Post

276 1792 368 1835 verso
391 1771 490 1834 animo
513 1772 712 1836 concionibus
741 1776 773 1836 in
793 1795 864 1837 arce
884 1769 1071 1841 Hellenstein
1092 1779 1176 1841 adhi-

275 1874 349 1950 buit,
377 1878 406 1934 et
426 1873 586 1956 aliquoties
608 1894 670 1937 non
691 1883 750 1937 tam
771 1877 893 1954 audivit,
916 1897 1004 1958 quam
1025 1881 1056 1941 in
1076 1882 1175 1943 refor-

274 1977 386 2039 manda
407 1976 554 2038 solutiore
575 1976 637 2038 vita
658 1977 823 2040 obsecutus
844 1986 898 2041 est.
943 1981 1071 2043 'lautum
1090 1983 1175 2045 valet

275 2082 367 2159 hujus
390 2098 428 2139 an
449 2077 530 2141 illius
552 2099 627 2157 vox,
657 2086 687 2141 et
707 2080 874 2141 animorum
896 2100 1063 2145 consensus
1085 2089 1174 2165 atque

276 2183 387 2245 electio
414 2180 586 2261 plurimum.
633 2182 848 2245 Delectabatur
875 2205 977 2246 comes
1003 2185 1173 2265 linguarum

275 2284 385 2365 peritia
406 2290 436 2344 et
456 2284 677 2345 mathematices
709 2285 869 2363 industrie,
898 2288 1007 2369 quibus
1030 2287 1172 2352 delinitus

275 2386 446 2450 abstinebat
467 2406 485 2447 a
504 2385 693 2465 voluptatum
714 2387 876 2466 illecebris,
898 2410 972 2471 quas
993 2395 1100 2469 postea
1121 2390 1174 2450 de-

277 2488 436 2552 suetudine
469 2487 657 2549 abhorrebat.
712 2491 852 2551 Poteram
886 2492 973 2551 etiam
1003 2491 1051 2552 hic
1083 2491 1174 2553 rebus

277 2592 351 2654 meis
378 2589 552 2668 consulere,
576 2590 630 2652 sed
650 2610 697 2651 me
713 2592 777 2667 jam
798 2612 900 2653 rerum
916 2602 1104 2655 terrenarum
1125 2613 1173 2655 sa-

276 2695 365 2759 tietas
388 2699 524 2771 ceperat,
553 2701 583 2754 et
605 2694 687 2775 quod
708 2692 739 2753 in
760 2694 845 2755 ltalia
866 2696 932 2755 Deo
954 2715 1112 2771 voveram,
1140 2702 1174 2757 ut

279 2794 425 2857 ecclesiae
452 2815 500 2855 me
529 2816 618 2877 quam
646 2796 776 2875 primum
803 2794 955 2871 sisterem,
986 2796 1174 2859 liberandum

279 2899 361 2961 duxi.
394 2896 497 2979 ltaque
518 2897 550 2958 in
571 2897 668 2959 aulam
683 2897 971 2977 Wiirtembergieam
990 2899 1029 2958 ad
1047 2899 1174 2961 Matrem

278 3020 324 3062 me
352 3000 469 3079 recepi,
505 3000 591 3079 eujus
623 3000 765 3080 princeps
790 3000 898 3061 lohan.
925 3000 1098 3064 Fridericus
1124 3022 1173 3063 me
1276 3069 1285 3085 ‚

280 3102 510 3165 clementissime
536 3100 712 3181 complexus
740 3121 842 3163 coram
869 3122 906 3162 ac
932 3109 1041 3181 sponte
1062 3106 1100 3165 ad
1121 3125 1173 3166 su-

280 3204 465 3285 scipiendum
487 3204 609 3286 aliquod
630 3201 785 3283 politicum
805 3222 915 3265 munus
935 3204 1078 3269 invitavit.
1111 3207 1173 3267 Sed

282 3328 349 3369 cum
375 3308 571 3371 intellexisset
598 3306 750 3369 diversum
778 3306 938 3368 consilium
964 3326 1064 3370 meum
1084 3312 1174 3388 atque

282 3409 478 3490 desiderium,
514 3409 721 3473 liberalissime
753 3414 799 3471 est
829 3428 981 3472 assensus.
1034 3410 1069 3471 ld
1100 3415 1173 3487 erat,

285 3513 366 3592 quod
382 3532 450 3574 cum
467 3532 515 3575 me
533 3513 694 3575 sensissem
707 3511 945 3591 divagationibus
967 3513 1074 3575 meisa
1089 3519 1174 3574 recta

287 3615 454 3678 studiorum
480 3634 635 3679 sacrorum
662 3614 803 3677 methodo
829 3619 986 3687 avocatum
1005 3620 1059 3676 et·
1074 3613 1172 3694 plera¹
