3025 4409
348 479 408 540 lot
617 472 698 528 Liber
714 473 758 528 lV.
794 473 975 530 1630-1639.

346 652 419 712 prae
434 651 467 692 se
482 628 619 705 tulerint,
641 631 720 692 hunc
734 638 831 692 tanim
847 651 1029 694 concussum
1045 633 1163 693 minime
1177 653 1244 694 om-

346 735 427 794 nium
449 731 669 793 sustinuerunt!
710 731 810 814 Atque
832 734 875 794 sic
898 734 967 794 milri
988 734 1090 794 finitus
1111 734 1244 812 agitatis-

346 835 437 896 simae
458 833 535 892 vitae
554 830 817 910 quinquagesimus
838 855 944 909 annus,
961 835 1115 911 jubilaeus
1136 854 1173 894 an
1195 835 1243 894 tu-

344 949 448 997 nestns
469 933 540 993 mibi
562 931 706 994 dicendus
727 934 874 995 incertum
894 934 1077 1008 recordanti,
1105 955 1153 994 me
1174 955 1243 996 cum

344 1037 432 1098 urtica
457 1054 565 1095 sorore
586 1035 748 1114 Margarita
774 1035 863 1094 vidua
884 1035 1076 1096 afflictissime
1097 1055 1135 1096 ex
1161 1038 1243 1098 omni

345 1146 468 1216 paterna
495 1136 588 1213 stirpe
617 1153 793 1214 superesse,
821 1135 953 1195 omnium
975 1155 1013 1196 ex
1035 1156 1242 1198 caramerum

344 1246 373 1296 et
394 1235 533 1314 corporis
560 1235 762 1295 imbecillitate
785 1243 813 1296 et
841 1237 979 1296 fortunae
1005 1236 1121 1298 vicibus
1145 1246 1174 1298 et
1195 1238 1241 1298 in-

341 1337 438 1396 vidiae
465 1335 623 1396 vexatione
656 1337 942 1414 desperatissimum;
975 1337 1078 1398 videre
1113 1337 1242 1398 familiae

341 1436 533 1497 solitudinem
561 1456 598 1496 ex
628 1435 822 1516 quadraginta
848 1437 943 1498 tribus
971 1438 1120 1498 secundae
1147 1458 1240 1517 gene-

342 1537 465 1598 rationis
488 1537 634 1616 capitibus
655 1539 693 1597 ad
715 1537 883 1598 octodecim
905 1537 1070 1609 redactam3
1093 1539 1240 1602 interesse

340 1638 455 1716 patriae
480 1638 728 1718 Wiirtenbergiae
759 1638 856 1698 funeri
888 1645 917 1698 et
948 1639 1012 1714 ejus
1043 1639 1239 1718 vespillones,

340 1740 490 1820 quondam
512 1740 722 1814 amicissitnOS‚
749 1759 830 1800 nunc
852 1740 934 1801 omni
953 1739 1069 1818 tygride
1090 1741 1239 1802 efferatio-

339 1860 388 1902 res
415 1843 508 1912 lerre3
542 1840 697 1919 religionis
724 1839 848 1919 insuper
876 1840 1085 1916 calcationem,
1116 1841 1240 1920 politiae
1297 1887 1299 1889 »

339 1943 447 2017 chaos,
473 1943 626 2002 literarum
652 1940 821 2014 interitum,
846 1939 1012 2016 juventutis
1038 1940 1239 2019 pollutionem

338 2043 472 2104 subdura
493 2041 637 2102 servitute
659 2041 808 2114 comitari,
835 2048 924 2120 atque
952 2060 1057 2119 parum
1079 2040 1163 2104 abest
1182 2043 1238 2102 ad-

332 2146 454 2220 juvare:
482 2143 553 2223 quid
580 2142 650 2202 milri
678 2142 739 2202 vita
764 2141 821 2202 nisi
848 2141 1028 2220 supplicium
1050 2143 1089 2204 sit
1110 2145 1237 2224 ejusque

337 2245 513 2322 prorogatio
540 2244 623 2303 lento
645 2243 714 2320 igne
735 2241 859 2302 torreri!
904 2241 937 2302 Si
958 2249 1056 2302 tamen
1078 2243 1118 2304 ita
1138 2245 1236 2305 visum

337 2353 382 2404 est
404 2363 546 2422 supremo
568 2343 696 2416 numini,
718 2364 774 2421 per
794 2350 839 2403 tot
859 2343 938 2402 vitae
953 2342 1091 2422 ambages
1108 2357 1138 2405 et
1151 2364 1234 2406 mor-

334 2443 373 2503 tis
394 2442 510 2521 species
539 2444 633 2523 (quas
655 2463 743 2503 nemo
766 2443 824 2502 nisi
845 2443 896 2524 qui
917 2441 998 2520 tulit,
1026 2453 1162 2506 numerat
1182 2455 1235 2506 aut

335 2543 427 2622 capit)
449 2543 479 2602 in
501 2563 584 2622 spem
606 2541 761 2603 meliorem
784 2563 958 2622 superesse,
988 2551 1017 2604 et
1039 2552 1179 2625 quantum
1201 2548 1232 2606 in

334 2642 535 2704 imbecillitate
555 2652 659 2705 nostra
680 2645 775 2705 virtus
798 2663 928 2723 superna
949 2645 1058 2720 valeat,
1086 2645 1231 2724 experiri:

333 2746 403 2824 age!
441 2744 494 2804 tiat
513 2743 654 2806 voluntas
674 2745 796 2805 Domini
818 2751 848 2804 et
868 2745 916 2804 vel
937 2745 1015 2806 inter
1034 2744 1181 2825 lacrymas
1201 2757 1233 2806 et

333 2846 460 2924 gemitus
481 2847 548 2906 Deo
575 2853 681 2906 nostro
704 2846 876 2922 J'ubilemns.
926 2846 1115 2909 Posteriores
1141 2849 1230 2924 hujus

332 2947 402 3007 anni
423 2967 542 3008 menses
563 2947 671 3008 leniter
693 2958 722 3006 et
741 2946 798 3007 snb
813 2947 933 3008 minutis
948 2970 1015 3010 cnm
1031 2949 1141 3008 Satara
1154 2947 1230 3008 veli-

331 3047 493 3109 tationibus
522 3048 710 3108 effluxerunt.
757 3047 853 3108 Amici
879 3047 910 3106 in
937 3048 1038 3109 officio
1060 3049 1229 3126 perstitere,

331 3149 413 3230 quod
442 3155 471 3207 et
492 3148 634 3209 Wensius
662 3148 845 3227 Luueburgo
873 3157 902 3207 et
927 3149 1105 3229 Brunswiga
1133 3149 1229 3210 calide

330 3260 377 3311 est
403 3256 537 3311 testatus.
589 3249 785 3328 Paedagogus
815 3248 934 3328 quidam
962 3269 1000 3309 ex
1021 3249 1132 3329 flagitio
1154 3249 1227 3311 loco

330 3344 429 3411 motus
456 3358 486 3409 et
511 3369 577 3410 mea
604 3369 697 3428 opera
723 3357 878 3426 servatus,
905 3369 938 3409 se
960 3349 1077 3428 dignam
1103 3351 1227 3430 gratiam

328 3451 429 3512 retulit
457 3451 548 3512 bomo
576 3451 730 3530 improbus
759 3457 789 3510 et
808 3448 989 3523 levissimns;
1017 3470 1125 3531 nempe
1147 3452 1225 3512 malo

328 3551 437 3612 bomini
457 3552 634 3612 benefacere
654 3551 833 3612 maleficium
856 3559 908 3612 est.
950 3552 1085 3630 losepho
1105 3555 1225 3614 Damm-
