3025 4409
523 494 678 566 Disciplina
694 493 830 548 ecclesiac
847 493 932 546 elusa.
1112 500 1173 558 219

278 653 404 727 vembr,
420 652 502 733 quod
513 671 576 714 nou
586 652 701 732 absque
711 651 813 711 divino
829 657 970 730 suggestu
981 649 1091 710 lactum
1107 667 1173 708 cre-

278 755 415 814 diderim.
457 756 541 814 llanc
567 752 707 813 nebulam
734 751 889 812 sereniora
915 770 982 809 cum
1005 758 1173 810 antecesse-

279 863 359 930 runt,
382 863 443 916 tum
464 873 545 933 poue
568 860 694 935 sequuta
714 860 793 926 suut,
817 871 850 910 ac
871 850 924 909 filii
945 849 1064 929 quidem
1086 851 1174 911 Gott-

278 955 362 1016 liebii
387 975 495 1016 munus
527 952 761 1016 ecclesiasticum
790 951 972 1012 ordinarium
1000 951 1174 1013 diaconatus

280 1054 506 1117 Caristadieusis
530 1056 582 1116 23.
600 1053 762 1127 Febsuau,
788 1052 839 1132 qui
860 1058 889 1111 et
910 1051 979 1110 mihi
1000 1051 1046 1112 bis
1068 1052 1174 1112 eodem

280 1155 403 1216 nomine
422 1156 519 1216 fatalis
541 1156 612 1231 luit,
634 1154 717 1234 quod
731 1156 781 1214 12.
795 1152 894 1213 Martii
910 1151 1037 1231 primum
1053 1171 1175 1232 aggres

282 1275 345 1329 sus,
367 1257 407 1316 19
429 1264 574 1336 sequente
591 1275 639 1316 me
655 1273 756 1315 coram
773 1273 840 1314 cum
855 1252 1063 1314 benedictione
1077 1253 1175 1315 subiit.

282 1357 393 1417 Postea
411 1375 491 1417 uxor
512 1357 597 1416 etiam
623 1354 786 1415 lectissima
806 1353 931 1432 contigit
949 1354 1080 1414 Barbara
1100 1355 1176 1414 Sau-

282 1455 361 1515 berti
385 1455 444 1516 mei
474 1455 535 1515 iilia
561 1460 659 1515 anuos
682 1453 787 1533 viginti
814 1462 883 1514 nata
915 1456 964 1516 18.
987 1455 1060 1515 Julii
1086 1455 1177 1516 1623.

285 1555 403 1637 Quibus
422 1553 541 1634 nuptias
553 1556 612 1616 leci
627 1557 675 1615 19.
689 1553 773 1615 lunii
790 1561 958 1615 contractas
974 1556 1103 1635 quidem,
1123 1557 1177 1617 sed

284 1656 323 1715 ab
340 1656 450 1716 illustri
465 1652 735 1730 convivarum²³⁰)
753 1672 876 1726 corona,
896 1673 983 1733 quam
1002 1656 1109 1734 sponsi
1123 1676 1176 1717 co-

285 1755 364 1817 rolla
373 1756 482 1836 triplex
496 1758 533 1818 ab
545 1755 648 1817 amicis
661 1773 738 1814 nexa
750 1753 897 1832 exprimit,
910 1754 987 1813 baud
999 1755 1090 1833 paulo
1104 1777 1177 1818 cou-

286 1857 462 1936 spectiores.
499 1853 758 1937 Auspicatioribus
773 1853 880 1914 merito
897 1854 1015 1915 Ernesti
1029 1855 1180 1917 Saxouiae

286 1955 474 2034 Ducis²³¹),
496 1957 640 2036 principis
656 1955 898 2033 incomparabilis
911 1955 1012 2016 literas
1030 1975 1095 2016 cum
1110 1955 1178 2016 illu-

288 2058 342 2119 stri
362 2075 486 2118 muuere
507 2059 558 2119 29.
570 2057 665 2138 April.
679 2067 817 2133 acceptas
836 2057 1071 2134 praeposuerim,
1094 2057 1180 2134 cujus

288 2178 344 2237 pro
367 2157 493 2218 ecclesia
515 2165 545 2218 et
564 2177 598 2219 re
617 2155 748 2218 literaria
768 2160 866 2231 actus,
893 2168 927 2216 ut
947 2157 997 2216 vix
1017 2156 1079 2216 ulla
1098 2165 1180 2218 aetas

288 2259 319 2318 in
345 2260 404 2319 boc
429 2258 535 2319 ordine
562 2259 649 2332 vidit,
677 2259 718 2317 ita
744 2263 848 2316 nostra
868 2256 926 2318 nisi
945 2257 1071 2319 maxime
1092 2260 1181 2321 aesti-

290 2365 364 2434 met,
391 2358 589 2438 ingratissima
615 2359 741 2419 dicenda
762 2357 887 2421 veniret.
928 2359 1065 2420 Accessit
1084 2359 1181 2422 collo-

290 2459 391 2540 quium
420 2479 488 2519 cum
510 2459 592 2520 Frid.
618 2457 785 2520 Wiirtemb.
813 2467 920 2520 nostro
946 2459 1127 2521 tortitudinis
1154 2471 1183 2522 et

290 2561 465 2640 prudentiae
487 2579 555 2620 curn
576 2561 755 2622 humanitate
776 2559 954 2636 conjunctae
973 2561 1109 2639 principe
1130 2561 1182 2620 ad-

290 2661 418 2722 mirabili
437 2663 486 2723 18.
498 2660 642 2722 Februar.
659 2671 690 2722 et
703 2661 876 2722 continuata
892 2679 959 2720 cum
973 2660 1108 2740 principe
1123 2661 1183 2722 Sil-

291 2763 342 2823 vio
362 2761 490 2824 Nimrod
514 2762 629 2824 lacteae
650 2762 839 2824 innocentiae
866 2767 895 2820 et
914 2761 1052 2828 excelsae
1073 2761 1183 2824 indolis

290 2863 509 2943 propemodum
523 2863 648 2924 dixerim
662 2862 854 2938 familiaritas,
875 2869 1079 2943 perpetuaque
1095 2863 1184 2924 trium

291 2970 461 3025 nostrarum
483 2965 652 3026 Gratiarum
678 2963 786 3044 gratia,
814 2963 900 3040 cujus
921 2961 1073 3024 absentiae
1092 2961 1185 3042 impa-

292 3067 438 3142 tientiam,
459 3067 529 3128 dum
549 3067 618 3128 aula
638 3063 818 3126 Kircbbemii
839 3065 983 3140 haereret,
1005 3064 1184 3125 excursione

293 3168 366 3228 illuc
385 3169 435 3231 27.
447 3168 543 3248 April.
563 3168 650 3240 lenii;
672 3165 761 3227 rediit
780 3172 879 3226 autem
900 3167 958 3226 buc
978 3165 1046 3226 aula
1068 3167 1117 3226 27.
1130 3165 1184 3226 Ju-

294 3268 336 3343 lii,
357 3268 453 3329 abitus
474 3289 511 3330 au
528 3269 641 3330 reditus
655 3267 816 3328 commodo
833 3267 881 3328 vel
900 3268 1019 3342 domuc,
1041 3267 1072 3328 iu
1086 3265 1184 3326 medio

296 3369 409 3430 relicto.
453 3373 493 3432 nt
513 3372 565 3453 qui
585 3377 770 3451 praeteream
791 3369 907 3431 illustre
929 3371 1041 3431 donum
1061 3365 1186 3446 pretiosi
1299 3408 1301 3410 -

296 3471 457 3534 adamantis
470 3480 501 3536 et
511 3474 663 3554 elegantes
674 3472 776 3534 literas
791 3471 921 3553 Sophiae
931 3466 1186 3532 ElisabethaeAu-

297 3565 483 3651 dusw⁰²³²)
502 3574 649 3654 conjugis
671 3592 748 3654 quae
769 3593 827 3636 uua
843 3573 921 3634 virili
939 3570 1068 3652 ingenio,
1087 3568 1187 3632 litera-
