3025 4409
342 506 404 567 tao
606 497 688 550 nm
705 494 748 548 ιν.
786 493 969 550 isan-mac.

343 656 433 737 paulo
462 660 532 733 post
560 653 697 732 exempla
721 653 822 712 omnia
844 651 1066 730 conflagrarint.
1110 651 1239 729 Ereptus

346 765 392 819 est
412 757 469 818 hoc
487 774 567 816 anno
586 754 754 827 manicis,
777 753 833 812 sibi
858 771 930 812 sane
948 771 1035 831 qnam
1055 752 1240 830 tempestive,

344 860 472 920 dohann.
496 854 619 916 Fallrius
641 853 819 931 theologus,
842 853 888 911 vii·
910 853 1050 932 simplicis
1073 852 1190 932 pietatis
1213 859 1243 912 et

344 957 521 1020 eruditionis
551 954 726 1033 singularis,
755 973 817 1032 quo
844 953 971 1013 mundns
993 953 1082 1032 plane
1104 952 1243 1030 indignus

344 1069 417 1121 erat.
449 1059 636 1119 Recrearunt
657 1075 674 1114 e
696 1061 802 1114 contra
823 1075 890 1114 cum
906 1052 1135 1129 Gerhardi¹³⁵l
1158 1056 1241 1114 theo-

344 1161 484 1239 logorum
505 1154 683 1233 coryphaei,
711 1163 774 1216 tnm
795 1155 1062 1233 Noribergensium
1089 1160 1119 1213 et
1140 1152 1242 1231 hugn-

345 1269 500 1322 stanorum
519 1256 684 1316 aulicorum
702 1256 816 1320 literae.
851 1256 1048 1316 Schiccardus
1062 1253 1133 1325 ¹³⁶)
1156 1255 1242 1313 etiam

346 1379 431 1420 meus
459 1357 587 1436 eleganti
612 1357 713 1416 Pnrim
747 1357 815 1418 sesti
850 1356 1049 1435 explicatione
1077 1356 1243 1428 honoravit,

347 1459 446 1520 Martii
467 1461 516 1519 17.
537 1458 576 1517 ad
595 1457 762 1535 principem
782 1458 901 1516 viduam
922 1456 1054 1531 excurri,
1074 1454 1244 1533 religiosam

346 1559 427 1620 illam
448 1567 478 1618 et
499 1578 517 1617 a
539 1558 717 1618 Germaniae
737 1557 919 1617 laceratione
941 1555 1167 1631 alienissimam,
1191 1558 1244 1617 sed

347 1661 403 1722 vah
431 1679 519 1740 qnam
540 1657 670 1737 indignis
692 1659 789 1719 modis
806 1665 911 1737 postea
928 1656 1065 1717 habitam.
1097 1659 1179 1718 Junii
1194 1661 1243 1718 l‘l.

348 1762 504 1841 dynastam
531 1759 852 1839 Rupis-spoletanum
881 1757 1003 1818 thermis
1033 1758 1136 1818 lerinis
1164 1759 1244 1818 vale-

348 1862 480 1923 tudinem
501 1880 568 1921 curn
592 1860 661 1921 aula
680 1867 834 1921 curantem
856 1858 952 1933 invisi,
975 1857 1026 1918 ubi
1048 1866 1077 1920 et
1097 1860 1182 1920 heroi
1203 1860 1246 1919 illi

348 1962 504 2034 Friderioo
517 1962 618 2022 comiti
628 1959 796 2022 Solmensi¹
807 1959 858 2032 ³⁷)
876 1959 1001 2020 innotui.
1028 1959 1165 2020 Accessit
1173 1959 1246 2019 ami*

348 2065 393 2125 cis
413 2062 530 2141 llilgeri
555 2064 613 2124 mei
640 2058 826 2122 dilectissimi
852 2058 1063 2120 conciliatione
1087 2061 1136 2121 do.
1159 2059 1246 2120 Chri-

349 2164 446 2242 stoph.
460 2160 730 2242 Onolspacensis*)
753 2158 886 2219 medicus
913 2159 964 2240 qui
985 2159 1076 2237 paulo
1103 2166 1173 2239 post
1195 2161 1246 2220 de-

350 2265 538 2326 cumbentem
549 2262 658 2323 morbo
674 2260 755 2321 domi
767 2259 873 2320 refecit
885 2258 892 2292 ¹
904 2256 965 2336 ³⁸).
1002 2260 1096 2320 Etiam
1114 2260 1246 2322 Conradi

350 2360 613 2435 Theoderici¹⁸⁹)
629 2359 762 2439 theologi
775 2360 908 2420 veterani
919 2366 949 2420 et
965 2360 1002 2419 de
1018 2360 1146 2422 ecclesia
1159 2360 1247 2422 Chri-

351 2465 389 2525 sti
416 2462 608 2536 meritissimi,
642 2461 713 2520 dum
739 2460 862 2521 thermis
885 2459 1076 2521 Callensibus
1103 2467 1246 2536 uteretur,

352 2562 542 2626 conversatio
567 2561 646 2622 inter
670 2560 823 2639 auspicata
849 2561 956 2622 merito
983 2561 1157 2637 haberetur,
1190 2561 1248 2624 nisi

352 2677 512 2745 utrumqne
531 2661 698 2724 infortunio
719 2668 886 2737 mactasset,
908 2661 990 2741 qnod
1007 2660 1182 2722 excellentis
1201 2663 1248 2723 sni

351 2767 384 2825 in
396 2762 579 2844 Sapientiam
599 2761 805 2823 commentarii
826 2760 962 2839 exempla
984 2762 1032 2822 18.
1049 2761 1248 2822 venundanda

353 2867 383 2927 in
404 2885 452 2926 me
472 2863 667 2942 recepissem,
695 2883 773 2944 qnae
793 2862 871 2924 tristi
891 2868 994 2923 nostra
1014 2861 1130 2922 flamma
1149 2862 1248 2941 plera-

353 2985 412 3046 que
433 2964 617 3027 interierunt.
664 2962 834 3043 Elegantias
855 2981 936 3022 meas
957 2962 1099 3042 princeps
1118 2962 1248 3023 Frideri-

353 3085 408 3128 ens
417 3064 684 3143 Whrtenbergicus
696 3059 769 3140 ¹⁴⁰)
784 3062 815 3122 in
830 3061 942 3123 Gallias
956 3062 1060 3125 abiens
1075 3063 1151 3124 flore
1166 3064 1248 3142 picto

355 3165 577 3248 exquisitissimi
603 3165 704 3244 operis
731 3161 960 3236 condecoravit,
994 3163 1042 3223 cui
1072 3163 1169 3224 altero
1200 3163 1248 3224 die

355 3270 483 3330 faustum
504 3268 561 3328 iter
581 3273 720 3344 precatus
741 3284 807 3324 sum
828 3263 985 3323 Phorcemi
1007 3263 1035 3324 3.
1051 3264 1142 3325 lunii.
1174 3263 1248 3325 Flos

421 3481 447 3550 *)
464 3479 532 3532 Cod.
550 3481 579 3531 A.
599 3484 627 3531 et
644 3478 688 3530 Ba
708 3478 753 3529 lo.
772 3473 929 3544 christoph.
948 3475 1026 3528 Airer
1046 3476 1184 3530 Onoldini.
