3025 4409
529 485 533 490 ’
559 505 707 559 Procerem
724 505 882 576 prosternit.
1110 512 1170 570 223

359 660 456 739 Ergo:

780 809 821 870 ihi
840 829 896 888 ego
918 809 1063 871 interesse

816 929 876 969 non
898 929 1031 987 possum.

488 743 685 1032 {Collegium
743 747 766 1035 q

285 861 344 921 Ubi
365 861 481 922 nullum
514 859 735 942 Consistorium

514 960 682 1021 Consilium

317 1061 471 1128 Ecclesiae
485 1062 576 1140 igitur
594 1062 702 1122 muniis
717 1061 819 1140 potius
840 1059 980 1134 intentus,
1003 1081 1090 1143 quam
1106 1070 1170 1123 tor-

274 1161 353 1221 renti
373 1148 510 1233 ἆταξίας
530 1160 688 1236 obversus,
710 1167 778 1222 crim
800 1161 926 1222 adversa
947 1181 1037 1241 saepe
1055 1163 1171 1243 collega

272 1261 444 1321 valetudine
465 1269 625 1336 teneretur,
647 1262 868 1342 frequentiores
889 1263 1052 1324 conciones
1072 1264 1171 1340 habui,

273 1362 459 1441 primamque
478 1362 516 1420 ad
541 1361 615 1423 Cor.
627 1361 714 1423 Pauli
733 1361 890 1441 epistolam
914 1371 985 1440 post
1005 1364 1172 1444 quinquen-

275 1463 358 1524 nium
372 1464 433 1522 2⁰5
451 1460 579 1522 homiliis
601 1464 629 1521 9.
643 1462 720 1541 Aug.
743 1462 869 1524 absolvi.
905 1462 975 1524 Non
998 1464 1095 1526 minus
1116 1467 1171 1526 im·

276 1563 405 1641 peditam
418 1561 630 1622 Goebelianae
651 1562 865 1640 parentationis
890 1563 1051 1624 editionem
1073 1566 1172 1643 habui,

276 1665 363 1742 eujus
384 1663 478 1742 gratia
503 1661 631 1740 primum
649 1662 798 1723 loannem
817 1662 1001 1724 Stroeliuum
1024 1667 1072 1726 16.
1087 1668 1171 1746 Apu,

276 1769 346 1842 post
355 1764 503 1824 loannem
514 1761 742 1839 Zellerum²³⁹)
752 1762 881 1837 hlunii,
891 1764 1008 1824 demum
1024 1765 1172 1828 loannem

277 1864 566 1939 Gauckenmajerum
586 1865 634 1923 19.
647 1863 724 1943 hug.
743 1883 848 1924 omnes
871 1863 1014 1943 principis
1035 1865 1172 1928 alumnos

277 1964 419 2038 conduxi,
440 1982 497 2023 nec
517 1962 574 2024 nisi
595 1972 666 2042 post
680 1971 819 2024 octavum
839 1983 972 2026 mensem
988 1966 1101 2045 magnis
1118 1967 1172 2027 im-

278 2064 381 2144 pensis
407 2062 531 2125 eluctari
562 2063 655 2137 valui,
690 2066 877 2145 typographo
904 2065 1022 2126 Joanne
1047 2066 1171 2128 Wirich.

276 2164 423 2227 Roeslino
449 2171 520 2243 post
547 2183 668 2244 gravem
693 2166 831 2226 morbum
854 2168 903 2226 14.
920 2165 1003 2244 Sept.
1023 2166 1174 2228 defuncto.

278 2268 344 2328 Una
364 2269 459 2333 actio,
486 2265 600 2326 utinam
622 2275 680 2327 tam
701 2267 789 2342 felix,
823 2285 911 2347 quam
933 2265 1011 2327 seria
1031 2266 1087 2326 fuit
1107 2287 1175 2328 oum

277 2365 413 2439 homine,
444 2367 531 2443 cujus
561 2367 689 2446 dignitas
716 2366 864 2428 nominari
891 2384 953 2427 non
981 2367 1107 2447 patitur,
1136 2367 1174 2428 ad

279 2473 389 2526 tartara
407 2485 505 2546 usque
526 2474 556 2528 et
570 2467 695 2542 Vejovis
716 2467 928 2528 commercium
950 2487 1017 2529 cum
1037 2467 1176 2546 publicae
1206 2532 1209 2538 ,

279 2567 385 2628 salutis
395 2567 533 2644 periculo
546 2569 673 2648 perdito.
696 2569 794 2643 Quem
813 2568 1017 2642 ferocientem,
1035 2587 1102 2628 curn
1123 2567 1175 2648 qui

279 2690 297 2729 a
315 2687 349 2728 re
366 2667 486 2747 publica
502 2669 578 2745 justi
599 2674 698 2741 erant,
720 2668 802 2728 adire
823 2667 881 2728 nisi
902 2667 985 2728 molli
1005 2687 1175 2746 poppysmo

279 2771 497 2841 detrectarent,
520 2789 576 2848 ego
598 2768 700 2828 divino
722 2767 835 2829 robore
857 2770 886 2826 4.
900 2767 994 2846 April.
1015 2787 1176 2846 aggressus

279 2870 395 2930 duriter
422 2868 573 2948 increpui,
603 2867 786 2948 fulmineque
818 2887 905 2928 sacro
931 2867 1177 2944 perterrefactum

280 2987 359 3048 agno
386 2970 617 3031 tractabiliorem
644 2968 716 3044 feci,
743 2987 805 3028 non
831 2967 891 3028 levi
912 2968 1050 3046 profecto
1072 2968 1177 3030 salutis

283 3089 356 3131 suae
377 3070 525 3148 profectu,
549 3071 608 3130 nisi
625 3071 752 3129 humana
769 3067 894 3128 consilia
913 3066 1011 3145 ipsum
1032 3068 1070 3127 ad
1091 3069 1178 3130 devia

282 3171 378 3233 seculi
400 3172 488 3246 hujus
505 3168 689 3248 indulgentia
706 3167 904 3228 reduxissent.
937 3166 1090 3229 Simularit
1103 3188 1176 3248 poe-

281 3272 450 3341 niteutiam,
477 3271 547 3331 mihi
576 3269 667 3331 officii
694 3269 765 3329 facti
784 3266 968 3328 conscientia
990 3274 1020 3328 et
1039 3276 1177 3347 repertos

283 3373 340 3434 sub
366 3373 459 3452 longa
485 3380 555 3450 toga
580 3370 740 3430 histriones
771 3367 905 3428 homiues
930 3367 1029 3442 nihili,
1059 3367 1177 3428 abunde

283 3471 486 3546 sufficit²⁴⁰).
540 3470 693 3531 Successit
713 3469 770 3529 alia
799 3467 922 3529 minoris
943 3467 1098 3542 momenti,
1123 3467 1178 3528 sed

285 3573 406 3650 maJ'oris
423 3571 591 3634 acerbitatis
611 3591 678 3632 eum
700 3569 855 3648 hypocrita
872 3575 1052 3647 cornupeta,
1075 3567 1125 3648 qui
1147 3568 1177 3628 in
