3025 4409
335 457 397 522 ,Μ
536 481 542 494 .
603 445 687 502 asta
703 445 735 501 v.
770 443 954 504 laea-tem

333 607 469 672 umbram
487 606 599 682 dicunt,
620 624 728 685 nempe
746 603 867 668 invidia.
899 604 943 668 Ea
960 604 1113 668 virulento
1126 604 1230 682 corde,

333 708 426 772 livido
449 727 518 784 ore,
545 707 645 771 trilide
663 706 767 787 lingue
787 705 983 788 manibusque
1003 705 1150 768 uncinatis
1165 706 1231 784 jam

335 809 386 871 diu
412 814 474 880 est,
501 829 571 871 cum
597 827 646 870 me
672 814 808 885 exercet,
834 828 891 870 uec
918 807 988 891 quia
1008 807 1231 888 vespertilionis

333 911 428 973 instar
446 908 524 970 elata
545 916 605 985 est,
630 929 693 970 uno
712 909 786 972 loco
807 909 959 987 consistit,
986 909 1040 971 sed
1068 908 1232 972 calumnias

334 1031 404 1074 suas
431 1010 541 1091 procul
566 1010 748 1073 disseminat.
798 1009 857 1073 Oui
879 1011 951 1074 licet
976 1031 1039 1073 non
1065 1016 1125 1072 tom
1152 1009 1232 1072 vitae

332 1110 541 1191 iutegritatem,
562 1131 651 1194 qnam
671 1112 805 1174 muneris
817 1109 881 1192 'per
901 1111 1022 1191 triginta
1042 1111 1162 1174 circiter
1178 1131 1232 1174 an-

332 1231 392 1276 nos
411 1211 532 1291 publice
554 1219 584 1274 et
604 1211 769 1291 conspicue
790 1212 821 1274 in
842 1211 971 1274 ecclesia
990 1212 1112 1276 exerciti
1131 1211 1233 1290 fidem,

332 1319 396 1376 tum
417 1313 571 1393 octoginta
591 1313 660 1394 plus
680 1313 778 1376 minus
792 1314 872 1394 pedo
886 1333 954 1376 meo
970 1314 1154 1377 creditorum
1168 1314 1233 1377 eol-

331 1414 469 1494 legerum
489 1414 692 1476 testimonium
713 1415 826 1478 dudum
848 1415 1075 1496 opposuissem,
1104 1436 1167 1478 uon
1187 1423 1233 1478 te-

332 1533 402 1577 men
423 1514 549 1593 evitavi,
579 1515 666 1597 quin,
695 1537 765 1578 cum
785 1516 822 1580 ab
843 1515 886 1578 ill.
908 1517 1044 1598 principe
1064 1525 1172 1581 nostro
1194 1520 1234 1581 ed

332 1615 544 1680 restaurandas
563 1636 613 1678 res
635 1617 781 1681 eeclesiae
804 1619 935 1698 dejectas
962 1617 1050 1681 vobis
1071 1619 1234 1684 sociandus

332 1720 444 1796 torem,
471 1719 621 1800 sequioris
642 1740 691 1781 me
712 1720 750 1782 de
771 1721 918 1801 religione
938 1728 1044 1784 nostra
1064 1721 1235 1784 orthodoxa

332 1839 442 1884 sensus
462 1826 548 1882 reum
570 1821 647 1883 edeo
669 1820 824 1899 detulerit,
854 1829 888 1884 ut
912 1821 963 1883 vel
989 1843 1059 1884 cum
1080 1824 1187 1904 cnlpae
1208 1825 1235 1887 si

331 1942 395 1985 uon
411 1922 613 2000 confessione,
634 1929 717 1985 certe
731 1923 905 2004 suspicione
919 1923 992 1984 mibi
1010 1924 1163 2003 recedere,
1184 1926 1235 1987 vel

331 2024 543 2088 molestissima
562 2025 619 2085 bac
640 2025 778 2101 statione,
800 2045 819 2086 a
840 2045 899 2106 qua
920 2025 1001 2088 omni
1021 2025 1082 2088 vita
1101 2045 1168 2088 mea
1180 2025 1233 2087 ab·

331 2128 451 2206 horrui,
472 2126 638 2189 subsistere
659 2125 835 2188 invitissimo
855 2145 982 2188 necesse
1001 2127 1098 2189 luerit.
1136 2130 1235 2206 Quem

331 2231 497 2297 violentum
523 2230 615 2291 ictum
641 2233 803 2309 postquam
825 2227 917 2289 animi
931 2229 1021 2306 juxte
1043 2235 1073 2290 ei
1095 2229 1233 2309 corporis

331 2334 502 2415 praesentia
528 2331 574 2392 sio
599 2330 672 2391 setis
701 2328 822 2392 excussi
847 2329 998 2411 iidemque
1023 2349 1121 2394 meam
1146 2331 1233 2394 vobis

332 2433 531 2516 potissimum,
554 2431 715 2492 reverendi
735 2432 853 2509 fratres,
874 2430 1048 2512 approbavi,
1069 2431 1152 2498 scitis
1166 2432 1232 2512 ipsi,

332 2536 401 2620 quis
420 2535 506 2611 elim,
529 2552 619 2617 quem
634 2531 754 2594 suntme
775 2533 907 2594 omnium
927 2533 986 2594 boc
1007 2533 1143 2610 decebat,
1164 2533 1234 2594 mibi

332 2658 352 2699 e
365 2636 543 2699 fanaticismi
557 2634 792 2716 exprobratione
803 2633 951 2696 infamiam
966 2634 1127 2712 fabricarit,
1146 2655 1234 2718 quem
1288 2657 1291 2662 ·

333 2739 560 2816 contumeliam,
595 2743 663 2800 utut
693 2736 725 2798 in
757 2736 851 2798 her-ba
878 2735 1067 2815 suffocatam,
1101 2757 1158 2820 ego
1191 2739 1235 2803 sic

332 2841 451 2922 accepi,
479 2847 514 2904 ut
533 2838 571 2901 eb
597 2858 635 2900 eo
657 2846 795 2918 tompore
814 2835 969 2918 publicum
988 2837 1112 2921 aliquod
1133 2846 1164 2902 et
1183 2861 1235 2902 so-

332 2943 424 3004 lenne
443 2941 633 3005 innocentiae
647 2960 733 3002 meae
746 2939 899 3020 specimen
917 2939 1067 3002 edendum
1084 2942 1236 3025 funusque

333 3064 434 3108 meum
453 3043 713 3125 integerrimorum
734 3041 946 3122 theologorum
963 3039 1065 3122 elogio
1083 3063 1236 3108 coronae.

335 3149 407 3210 dum
432 3147 621 3209 murrinum
651 3145 829 3207 induxerim.
885 3141 943 3206 Oui
975 3145 1021 3205 rei
1046 3147 1236 3226 peragendae

335 3270 426 3335 quem
451 3248 543 3310 ebnm
568 3248 670 3310 locum
694 3245 754 3309 nisi
778 3243 962 3325 Tubingam,
991 3245 1078 3308 aliam
1105 3267 1235 3326 scenam,

334 3353 394 3417 nisi
420 3350 601 3414 auditorium
623 3348 841 3430 theologicum,
869 3345 1024 3428 religionis
1048 3367 1157 3430 nempe
1177 3369 1235 3414 noP

336 3461 419 3518 strae
438 3452 603 3516 sacrarium
624 3450 780 3532 eligerem,
806 3451 944 3529 prolecto
964 3469 1028 3514 nou
1048 3450 1147 3516 babui.
1190 3451 1235 3514 lbi

339 3555 418 3618 enim
438 3575 494 3636 per
515 3554 556 3617 13
576 3571 724 3617 annorum
749 3551 906 3614 intervalla
930 3552 1035 3632 fidem,
1061 3573 1150 3636 quem
1170 3574 1234 3616 me-

337 3658 441 3742 jorum
461 3676 555 3738 opere
576 3661 607 3719 et
623 3653 734 3720 celebri
755 3653 831 3716 lama
852 3653 993 3719 sancitam
1014 3673 1082 3720 cum
1098 3661 1234 3719 materno
