3025 4409
549 1083 724 1166 tinnit
761 1082 1021 1166 OCTAVUS.

586 1386 878 1432 uenunnusuui.
923 1371 989 1447 (ΙΙ.)

336 1497 526 1604 Proximus
553 1556 650 1599 annus
676 1538 760 1600 visus
788 1545 834 1600 est
853 1538 924 1599 mini
941 1525 1157 1602 scientioribus
1178 1541 1237 1601 Ze-

337 1637 440 1718 phyris
461 1636 628 1699 ubblundiii
648 1639 828 1701 remissione
853 1639 990 1700 laborum
1013 1647 1042 1700 et
1063 1639 1236 1702 solitudinis

337 1739 531 1814 amoenitate,
558 1759 627 1801 cum
647 1740 687 1800 ed
706 1739 797 1800 enimi
817 1738 1060 1820 tranquillitatem
1081 1747 1142 1800 tum
1165 1761 1237 1802 coi·-

337 1840 423 1920 poris
448 1838 647 1901 valetudinem
674 1839 835 1918 plurimum
856 1841 1058 1916 conducente,
1086 1841 1140 1902 sed
1166 1841 1238 1904 bre-

337 1942 405 2003 vius
431 1960 521 2022 quom
546 1959 604 2019 pro
625 1939 770 2020 opinione
790 1941 931 2019 gaudium
954 1942 1012 2002 hoc
1040 1941 1095 2003 fuit
1121 1942 1236 2004 minus·

338 2062 398 2124 que
419 2041 557 2104 solidum.
593 2040 670 2102 Nem
692 2040 836 2121 quicquid
857 2041 945 2101 etiem
966 2039 1072 2116 tute*)
1092 2041 1236 2120 timerem,

337 2163 401 2206 nou
416 2149 514 2204 umen
532 2142 597 2202 cavi
615 2141 819 2218 simouilaclas
837 2147 927 2216 artes,
949 2141 1005 2202 sub
1024 2142 1095 2203 euui
1114 2143 1236 2206 demum

338 2244 429 2306 tinem
455 2249 599 2318 reseces,
625 2261 791 2322 verumque
818 2261 883 2303 sum
912 2249 1068 2322 expertus,
1096 2243 1127 2304 in
1153 2229 1236 2306 celn-

338 2344 490 2425 pestribus
511 2349 644 2404 armentu
665 2349 696 2404 et
715 2342 911 2423 pecudeS,·in
933 2343 1060 2405 desertis
1080 2344 1160 2406 feres
1181 2344 1236 2406 be-

339 2446 472 2525 stiasque
496 2442 633 2506 inveniri.
674 2442 796 2504 Interim
822 2441 987 2522 principes,
1014 2444 1118 2505 herum
1144 2451 1236 2527 etque

338 2546 455 2620 herem,
480 2542 635 2624 filiumque
658 2543 807 2605 loannem
826 2542 907 2605 Frid.
929 2543 1083 2624 'l'ubingee
1109 2539 1238 2606 salutavi

338 2647 368 2706 2.
381 2645 471 2706 Febr.
494 2651 524 2705 et
544 2645 594 2705 12.
608 2643 709 2706 Martii
728 2663 764 2704 ec
784 2645 933 2725 propitios
954 2644 1052 2706 habui.
1101 2647 1238 2708 Genete-¹

338 2744 398 2807 lem
419 2745 505 2806 etiem
527 2743 721 2806 ecclesiarum
742 2745 971 2824 inspectionem,
999 2765 1088 2826 quam
1110 2747 1161 2808 diu
1183 2747 1237 2808 de-

338 2845 535 2920 clinaveram,
563 2844 668 2907 admisi
688 2846 738 2909 27.
748 2845 838 2908 Febr.
860 2851 950 2927 etque
972 2845 1041 2907 inde
1061 2847 1237 2928 Tubingeu-

339 2967 402 3009 sem
425 2945 552 3006 vicinum
579 2945 629 3010 3⁰.
646 2945 719 3006 Jmii
744 2945 874 3025 primum
899 2946 996 3009 invisi.
1051 2947 1091 3008 At
1115 2949 1237 3010 indictis

339 3049 379 3110 ad
397 3044 554 3125 nunpril.
577 3044 766 3125 Stutgerdiee
787 3046 930 3124 comitile,
956 3047 1056 3130 quelle
1081 3049 1117 3109 ab
1139 3049 1237 3110 homi-

339 3170 412 3212 num
434 3145 578 3210 memoria
596 3144 661 3207 vise
680 3165 743 3208 non
765 3153 851 3224 suut,
873 3167 981 3228 nempe
1003 3147 1072 3210 120.
1095 3148 1237 3228 capitum,

340 3273 409 3314 cum
434 3238 771 3322 commonuissem,
801 3268 860 3328 que
885 3249 1014 3311 animum
1042 3269 1101 3329 qua
1122 3269 1236 3330 corpus

405 3472 435 3543 l)
452 3471 520 3526 Cod.
532 3473 577 3533 B.:
594 3474 732 3530 uocabulo
750 3482 809 3532 tuta
823 3477 1041 3550 superscriptum
1059 3477 1153 3534 hebet:
1172 3479 1235 3545 leti;

339 3557 401 3613 cod.
417 3573 456 3610 e:
474 3557 556 3614 etium
574 3557 625 3613 leti
641 3557 776 3615 timerem.
