3025 4409
546 519 668 576 iotaotia.
703 522 912 593 Praeceptorea.
1159 530 1180 589 5

284 673 432 737 Valentini
454 676 605 755 quondam
626 677 735 739 ibidem
755 681 899 759 praefecti
915 678 991 754 iiiia,
1013 680 1179 742 Balthusari

282 783 380 855 nepte,
402 774 568 837 Baltirasari
581 788 740 858 prompte,
761 780 1075 858 Baltirasariabnepte,
1096 798 1177 841 anno

280 899 298 937 a
319 876 441 937 Christo
463 885 534 939 nato
557 878 648 938 1586.
672 881 719 940 17.
735 882 872 960 Augusti,
894 883 973 943 intra
994 882 1023 941 6.
1038 882 1176 941 117110-

281 997 344 1037 ram
367 977 551 1053 matritinam,
574 979 604 1038 in
623 980 748 1041 aedibus
766 980 988 1060 parochialibus
1008 982 1176 1062 baptizatus

280 1078 387 1139 eodem
409 1077 457 1138 die
478 1098 496 1137 a
512 1078 554 1138 M.
567 1080 689 1141 Matthia
704 1082 926 1157 Haieureffero,
949 1082 1094 1143 ecelesiae
1112 1089 1174 1141 tum

279 1178 424 1253 diacono,
453 1181 681 1259 susceptoribus
710 1183 856 1244 Michaele
885 1184 1058 1244 Schnaibiin
1080 1184 1174 1243 Sena-

278 1286 346 1339 tore
371 1287 401 1339 et
422 1280 552 1358 agnete,
580 1282 671 1343 vidua
690 1284 837 1345 Johannis
857 1284 983 1345 Neuteri
1009 1284 1050 1343 ibi
1077 1302 1174 1365 quon-

277 1380 345 1439 dam
366 1378 488 1441 cellarii.

321 1479 447 1539 Primam
478 1481 628 1543 infantiam
655 1483 877 1545 afflictissimem
905 1485 1008 1558 habui,
1037 1484 1114 1543 adeo
1141 1488 1175 1541 ut

277 1598 339 1639 non
365 1580 423 1640 nisi
450 1581 548 1644 bimus
577 1582 606 1642 iu
633 1584 726 1661 pedes
754 1586 882 1662 primum
908 1587 1057 1665 erigerer,
1085 1602 1174 1663 quam

277 1681 367 1741 etiam
387 1681 565 1743 valetudinis
588 1684 757 1745 tenuitatem
781 1686 862 1745 omui
883 1686 943 1745 vita
964 1684 1106 1758 toleravi,
1127 1684 1173 1742 in-

276 1781 366 1860 genio
396 1782 512 1843 iuterim
540 1784 639 1863 sagaci
667 1792 696 1844 et
724 1786 847 1858 festivo,
880 1794 913 1845 ut
939 1785 1117 1864 propinquis
1143 1790 1174 1843 et

275 1882 380 1943 amieis
401 1884 548 1962 voluptati
569 1904 675 1957 essem,
697 1885 823 1943 maxime
844 1905 919 1945 vero
935 1885 1039 1945 Nobiii
1060 1892 1090 1944 et
1111 1901 1172 1942 am·
1206 1900 1208 1905 ¹

275 1983 413 2061 piissimo
434 1986 492 2045 Du.
508 1985 705 2047 Burekirardo
726 1984 765 2043 ab
786 1984 911 2059 nuncii,
934 1984 1085 2064 superiori
1106 1983 1171 2059 ejus

274 2085 337 2145 loci
363 2086 515 2163 praesecto
544 2098 573 2148 et
599 2084 705 2147 summi
727 2085 876 2146 dicasterii
897 2085 1042 2164 praesidi3
1070 2083 1171 2144 Ludo-

274 2189 345 2249 vico
357 2188 502 2263 Neptem,
524 2186 625 2247 matris
646 2185 768 2247 sororio
788 2185 924 2265 aliisque,
949 2188 1002 2246 sed
1024 2204 1171 2266 quaeres

273 2307 354 2367 pene
375 2288 497 2348 exitium
517 2306 613 2367 puero
634 2287 740 2347 attulit.
775 2284 852 2346 Cum
874 2288 953 2347 enim
969 2288 1048 2348 sorte
1060 2286 1171 2347 intror-

274 2406 329 2449 reo
353 2388 506 2465 cujusdam
528 2387 601 2448 civis
613 2388 714 2461 foeno,
737 2386 1023 2465 quodinserebatur‚
1044 2386 1170 2464 injectus

274 2487 539 2562 obdormivissem‚
571 2488 735 2567 plaustrum
764 2508 830 2548 cum
858 2488 1009 2568 quadrigis
1035 2487 1170 2547 illaesum

272 2588 480 2668 pertransivit,
502 2587 619 2668 Deique
641 2589 729 2649 unios
750 2588 883 2666 potentia
905 2588 1084 2647 incolumem
1105 2606 1170 2646 ser·

273 2689 365 2750 vovit.
413 2688 577 2749 Literarnm
604 2689 771 2749 rudimenta
798 2710 815 2747 1
838 2688 983 2747 Miciraeie
1009 2686 1169 2748 Beumiero

273 2790 378 2867 accepi
405 2790 471 2850 viro
498 2790 629 2869 optimo,
661 2790 768 2850 Jacobi
795 2789 1023 2867 Dinckelaggeri
1046 2807 1169 2866 praece·

274 2890 372 2969 ptoris
400 2890 530 2968 collega,
562 2910 580 2949 a
606 2910 667 2970 quo
694 2890 790 2951 teneri
813 2889 924 2950 amoris
951 2908 1170 2967 mnemosynon

274 2992 447 3051 deauratum
470 3010 621 3051 nummum
641 2989 705 3063 tuli,
728 3010 856 3071 cumque
872 2990 910 3049 Α.
926 2992 1014 3051 1591.
1034 2989 1169 3069 aetery

154 3112 157 3119 ’
273 3100 360 3171 pater
394 3090 539 3152 Abbatiae
578 3091 665 3169 Regii
701 3091 792 3152 sontis
827 3092 1057 3171 praeficeretur,
1096 3090 1169 3152 illue

275 3193 362 3253 etiam
392 3191 552 3253 translatus
579 3212 645 3254 sum
677 3192 837 3272 repetique
862 3199 1075 3271 praeceptores
1101 3192 1167 3253 ido-

275 3312 351 3353 neos
377 3293 418 3353 M.
438 3292 585 3354 Jacobum
614 3293 816 3371 Schroppium
849 3299 879 3353 et
912 3293 954 3353 M.
974 3290 1168 3352 Frauciscum

275 3392 515 3468 Rebstockium,¹
528 3394 602 3454 inde
629 3401 740 3453 mutata
768 3393 888 3455 scholae
913 3393 988 3453 facie
1009 3393 1050 3452 M.
1069 3392 1168 3452 Geor-

275 3494 355 3571 gium
385 3494 574 3566 0swaldum;
609 3494 787 3574 demumque
820 3496 919 3557 ablata
950 3492 1032 3557 omni
1065 3492 1168 3553 schola

274 3594 454 3685 *substitutos
484 3595 628 3657 diaconos
650 3598 690 3659 M.
709 3597 856 3659 Jaoobum
877 3597 1024 3672 Reuehat,
1048 3596 1089 3656 M.
1109 3595 1166 3655 Fe-
