3025 4409
548 508 744 564 Heinlroiernm
762 509 874 581 plangit.
1103 519 1165 582 248

267 663 323 722 mei
349 665 379 724 9.
401 663 498 726 Martii
526 687 679 748 nunqnam
707 667 771 728 sine
797 667 949 746 profundo
977 667 1103 729 vulnere
1132 675 1162 732 et

267 761 375 841 insigni
400 764 515 827 doloris
544 787 636 828 sensu
668 767 738 828 mihi
770 766 951 841 ablatorum,
987 785 1064 849 qnae
1096 769 1160 832 slve

265 861 387 940 publica
413 866 476 926 sive
508 886 574 927 mea
605 867 721 946 privata
751 867 852 928 clades
883 887 945 929 non
972 867 1071 947 potuit
1097 889 1158 932 non

264 963 394 1041 graviter
409 966 539 1026 animum
554 987 653 1028 meum
665 967 840 1047 percellere,
858 975 1053 1048 reputantem,
1072 989 1159 1051 quam

263 1063 352 1140 pauci
389 1085 478 1145 quam
516 1067 656 1143 multum,
695 1089 783 1148 qnam
818 1079 923 1129 contra
956 1068 1039 1130 multi
1070 1091 1158 1152 qnam

262 1183 370 1242 parum
397 1166 434 1225 ad
461 1165 540 1226 vitae
572 1168 722 1229 societatis
747 1167 949 1230 liberaliorem
975 1189 1079 1245 usum,
1107 1171 1154 1248 ju·

263 1263 443 1325 cunditatem
465 1272 496 1326 et
514 1268 637 1328 tutelam
657 1268 773 1343 faciant,
796 1276 826 1330 et
842 1289 919 1350 quos
935 1269 1004 1332 illos
1020 1271 1157 1350 perdere,

265 1363 347 1424 inter
366 1366 422 1426 hos
449 1385 524 1427 vero
545 1369 659 1430 versari
679 1369 790 1430 diutius
812 1389 901 1451 quam
928 1371 1035 1432 durum
1063 1371 1101 1434 sit
1128 1379 1158 1434 et

263 1484 354 1544 quam
379 1466 593 1542 tristissimum,
621 1469 658 1529 ab
685 1468 745 1530 illis
765 1487 840 1529 vero
863 1471 983 1532 destitui
1004 1481 1034 1535 et
1055 1472 1156 1535 orbari

261 1565 354 1645 longe
374 1567 605 1629 acerbissimum.
638 1569 735 1645 Quam
757 1567 836 1628 enim
857 1569 906 1630 vel
926 1570 957 1631 in
979 1571 1046 1633 solo
1063 1575 1156 1636 Hein-

261 1665 369 1727 bofero
386 1667 533 1743 jacturam
553 1669 689 1743 fecerim,
710 1687 773 1728 non
794 1667 881 1729 facile
903 1669 1104 1750 explicavero,
1124 1675 1155 1738 in

260 1787 324 1849 qno
356 1769 422 1829 viro
453 1778 573 1848 praeter
597 1769 727 1849 plurium
754 1768 907 1830 hominum
933 1777 963 1831 et
986 1771 1154 1852 linguarum

260 1868 395 1930 notitiam
421 1871 675 1952 multiplicemque
700 1869 807 1931 artium
829 1869 1064 1933 mechanicarum
1087 1895 1154 1937 om-

260 1969 369 2050 nisque
395 1969 559 2049 elegantiae
580 1979 610 2032 et
630 1970 801 2033 subtilitatis
821 1969 970 2049 peritiam,
992 1991 1052 2052 qua
1071 1975 1155 2054 prin-

260 2069 361 2148 cipum
386 2070 549 2132 mnltorum
573 2071 716 2132 amicitias
741 2070 863 2146 meruit,
894 2071 979 2132 eain
1001 2091 1049 2134 ure
1068 2073 1154 2154 fides,

260 2169 287 2230 is
315 2189 401 2231 amor
425 2170 517 2250 idque
542 2173 673 2233 studium
707 2177 736 2232 et
765 2169 898 2232 officium
929 2170 985 2232 luit
1017 2173 1064 2235 vel
1092 2177 1154 2239 chi·

259 2269 341 2331 liade
368 2270 561 2350 epistolarum
588 2278 741 2347 testatum,
769 2277 804 2332 nt
829 2291 896 2331 cnm
918 2291 980 2352 qno
1000 2271 1060 2336 alio
1081 2277 1153 2340 anri-

260 2390 368 2432 oorum
387 2372 556 2448 conseram,
577 2392 640 2434 non
660 2372 799 2446 habeam,
828 2381 961 2450 ereptum
982 2373 1051 2436 milri
1072 2377 1153 2441 aerio
1214 2451 1217 2462 Ι

258 2471 379 2550 lugeam
400 2479 432 2532 et
450 2472 627 2534 desiderem.
673 2472 735 2533 Sed
757 2479 788 2532 et
807 2471 947 2548 morbus,
975 2473 1026 2554 qni
1047 2479 1153 2557 conjn-

260 2590 329 2651 gem
348 2591 445 2631 meam
470 2591 490 2632 a
509 2572 677 2652 languet.
696 2572 736 2633 ad
756 2574 787 2634 6.
805 2591 903 2653 nsque
922 2571 1070 2640 Novemb.
1090 2599 1154 2643 non

260 2671 431 2733 ninevitae
455 2672 593 2751 periculo
619 2672 770 2749 exercuit,
794 2671 934 2733 familiam
960 2693 1055 2737 meam
1075 2679 1155 2744 band

259 2791 367 2851 parum
396 2772 516 2847 afflixit,
550 2772 600 2834 cni
630 2771 831 2834 sublevandae
861 2773 978 2835 Annam
1006 2777 1154 2845 destinam

258 2871 436 2951 Majerinam
459 2871 622 2952 Norabergc
642 2891 699 2952 per
720 2873 872 2934 trimestre
900 2873 1048 2954 conduxi,
1076 2879 1155 2945 tiliae

260 2972 349 3034 etiarn
373 2973 499 3033 Mariam
530 2979 560 3034 et
584 2975 731 3054 Agnetem
756 2969 956 3034 Elisabetham
991 2975 1020 3036 in
1052 2981 1155 3045 matria

261 3072 400 3134 solatium
420 3073 550 3137 adhibui,
580 3075 754 3136 lenimenta
774 3071 918 3151 temporis
938 3071 1023 3139 inere
1042 3081 1155 3144 amicae

261 3173 440 3235 collationes
462 3191 513 3233 ine
538 3172 620 3235 domi
644 3172 853 3247 invisentimn,
880 3191 916 3234 ae
945 3175 992 3237 vel
1019 3179 1154 3260 inprimis

261 3273 387 3335 illustris
397 3273 456 3334 viri
466 3271 677 3335 Gallibaroms
686 3273 852 3349 Rackniaii,
864 3273 993 3338 familiae
999 3277 1152 3342 Senberti

261 3393 320 3434 nae
331 3374 453 3454 patroni
468 3373 601 3452 primarii
611 3375 662 3435 12.
671 3375 761 3455 Aug,
779 3373 866 3456 [qui]
877 3373 948 3435 dnm
960 3393 1011 3438 res
1023 3377 1071 3439 bio
1084 3397 1154 3442 anas

262 3494 332 3536 enm
347 3475 482 3536 lllmensi
502 3475 622 3537 civitate
641 3475 779 3538 debitore
798 3473 931 3536 creditam
950 3489 1156 3557 conmotam,

262 3575 434 3652 plusculum
454 3577 536 3655 apud
555 3596 614 3639 noa
636 3597 705 3640 enm
726 3577 871 3657 mingo,
897 3575 966 3655 liliis
986 3576 1105 3641 dnobam
1125 3591 1155 3642 el

937 3673 1005 3736 lo*
1033 3722 1038 3740 t
