3025 4409
382 508 490 560 Funera
507 504 659 558 amicornm
675 503 851 557 monimentis
868 503 1060 557 condecorata.
1111 510 1172 571 209

270 665 322 725 Fr.
349 663 508 743 utriusque
535 679 627 722 sexus
653 660 840 740 principibus
869 660 924 734 12,
953 659 1112 722 comitibus
1139 661 1169 735 6,

273 765 368 828 altera
389 765 453 824 dies
473 761 600 823 lustrico
622 780 710 822 sacro
732 760 853 822 infantis
873 760 1016 839 principis
1038 760 1170 840 Sophiae

273 865 445 926 budovicae
468 864 516 924 18.
527 862 617 924 Febr.
639 863 806 943 superioris
834 871 921 922 natae
947 860 987 922 ob
1009 858 1169 920 illustrium

269 966 456 1045 patrinorum
476 963 673 1042 praesentiam
688 964 772 1039 data,
795 981 959 1042 omnesque
974 959 1076 1040 orgiae
1095 979 1169 1040 qua·

270 1067 372 1128 triduo
398 1064 563 1126 absolutae.
608 1065 682 1141 Ejus
707 1064 751 1124 rei
777 1063 902 1124 obtentu
929 1062 966 1123 ad
995 1081 1051 1122 nos
1079 1081 1168 1123 revo-

271 1175 336 1227 cata
358 1176 403 1228 est
422 1171 510 1227 Anna
529 1166 666 1226 lohanna
692 1166 781 1226 trium
806 1170 976 1224 nostrarum
1000 1164 1169 1224 Gratiarum

271 1267 368 1329 media
383 1268 434 1326 2⁰.
445 1266 536 1341 Junii,
558 1286 635 1346 quae
649 1266 728 1344 apud
742 1271 928 1325 materteram
939 1263 1063 1324 Mariam
1077 1263 1169 1326 Eleo-

270 1386 376 1428 uoram
397 1367 513 1428 Ludov.
536 1365 661 1444 Philipp.
682 1364 808 1426 Palatini
829 1366 988 1443 conjugem
1009 1365 1072 1442 jam
1098 1367 1167 1427 ab'.

273 1466 383 1527 Octcb.
415 1465 581 1546 superioris
612 1466 683 1526 anni
720 1465 820 1526 multis
851 1465 1012 1527 blanditiis·
1038 1465 1167 1545 pellecta

271 1566 486 1628 Meiseuheimii
506 1566 687 1627 substiterat.
726 1566 804 1626 Cum
826 1567 913 1642 enim,
935 1573 1052 1627 caetera
1074 1569 1167 1629 comi-

270 1675 318 1728 ter
332 1675 362 1729 et
373 1666 537 1728 liberaliter
546 1665 653 1740 habita,
669 1665 873 1728 Calviniauam
891 1667 1053 1728 sublestam
1067 1668 1167 1743 tidem,

270 1776 335 1829 tum
360 1768 527 1829 horrendas
557 1767 588 1828 iu
616 1766 727 1827 Christi
753 1766 852 1828 carnis
885 1768 1165 1846 ornnipraesentiam

271 1888 366 1930 voces
392 1888 428 1929 ac
448 1867 631 1947 petulantem
650 1866 681 1926 in
703 1887 760 1927 nos
783 1867 958 1928 calumniam
981 1874 1011 1927 et
1035 1867 1167 1930 Vatinia-

271 1990 344 2030 num
369 1970 470 2030 odium
500 1975 623 2047 experta
648 1977 742 2042 esset,
775 1968 863 2028 anxie
890 1967 1017 2030 reditum
1044 1969 1082 2030 ad
1108 1991 1166 2033 nos

271 2071 367 2132 literis
388 2070 424 2130 ad
446 2089 494 2129 me
516 2068 650 2147 repetitis
672 2069 818 2148 quaesivit
845 2089 974 2149 meoque
1001 2069 1166 2132 ministerio
1276 2063 1279 2068 ¹

272 2171 409 2245 obtinuit,
431 2170 509 2230 hand
529 2167 622 2230 dubio
643 2171 768 2247 posthac
789 2171 945 2249 pervitam
963 2168 1166 2232 Calviuianam

271 2270 426 2351 perfidiam
454 2269 652 2331 abhorritura.
701 2272 783 2331 luter
807 2271 914 2332 multas
942 2272 1166 2349 occupationes,

272 2372 342 2434 dum
356 2370 474 2450 collega
486 2371 699 2432 lleerbrandus
715 2391 850 2451 magnam
863 2370 933 2430 anrri
949 2378 1063 2449 partem
1077 2393 1168 2454 aeger

271 2471 322 2534 vel
341 2471 452 2532 absens
473 2477 568 2545 esset,
595 2470 707 2551 aliquid
728 2478 826 2533 umen
848 2471 1004 2550 scriptioni
1025 2473 1167 2552 surripui,

273 2571 408 2652 inprimis
428 2571 624 2631 Jouathanem
646 2591 744 2632 meum
759 2571 953 2632 Weusiauum
979 2572 1167 2653 incompara-

271 2673 340 2734 bilis
368 2671 454 2734 amici
479 2671 609 2745 luctum,
636 2691 724 2752 quem
751 2692 819 2732 eum
841 2671 1005 2746 lleujamiui
1025 2675 1167 2756 Buwing-

272 2773 378 2850 hausii,
399 2774 437 2833 D.
455 2771 597 2850 Magctri,
617 2771 763 2832 lobannis
783 2771 921 2831 Andreae
943 2790 980 2831 ex
1001 2773 1092 2836 fratre
1113 2797 1167 2838 ne-

271 2876 352 2956 potis
372 2871 493 2946 alumni,
516 2880 546 2933 et
564 2872 689 2951 losephi
709 2871 871 2933 Demmleri
892 2873 1041 2952 quondam
1064 2875 1167 2937 dome-

274 2976 340 3038 stici
360 2973 536 3035 funebribus
558 2973 751 3049 conjunctum
773 2971 957 3052 elegantibus
979 2975 1166 3038 Sterniorum

274 3074 551 3154 Luneburgensium
578 3073 673 3151 typis,
701 3093 830 3152 quorum
851 3075 879 3134 in
907 3075 1035 3154 epitome
1055 3076 1168 3139 Maest-

273 3177 401 3238 linianae
418 3171 654 3251 chronologiac²
665 3172 672 3205 ¹
685 3171 715 3248 ⁵)
736 3173 901 3251 periculum
919 3175 1057 3249 feceram,
1075 3195 1167 3237 exeu-

274 3277 404 3337 dendum
427 3275 504 3335 dedi.
543 3272 688 3334 Converti
709 3293 745 3333 ox
768 3272 870 3334 ltalico
892 3274 921 3334 in
943 3274 1078 3335 Latinum
1099 3276 1167 3336 Joh.

274 3375 432 3438 Metrezati
445 3375 482 3435 de
494 3374 713 3436 Communione
729 3393 797 3432 cum
812 3371 932 3436 Christo
946 3375 976 3436 in
993 3375 1168 3436 eucharistia

276 3477 451 3539 insidiosum
473 3473 689 3551 libellum²¹⁸)
710 3474 749 3534 ad
770 3473 900 3534 veritatis
922 3473 1012 3536 fidem
1032 3473 1168 3552 aprican-

276 3581 357 3640 dum.
378 3576 520 3637 Promovi
535 3575 563 3634 in
575 3576 672 3635 lucem
684 3573 842 3652 Cytharuru
855 3567 1110 3636 llllaickleriauanr²
1120 3571 1129 3608 ¹
1140 3571 1170 3653 ⁷)

934 3677 973 3734 14
