3025 4409
316 494 357 557 38
602 485 685 541 biber
701 488 722 545 l.
749 484 934 545 lost-atta.

319 662 377 726 que
398 643 592 706 institutionis
622 642 809 723 theologicae
840 642 1003 705 memormc
1022 641 1150 705 multum
1170 644 1217 706 di-

320 752 446 809 stractae
473 744 634 820 excidisse,
665 764 704 806 nc
732 745 828 807 illotis
847 744 984 806 manibus
1010 745 1043 805 in
1071 744 1217 807 ecelesiae

320 849 450 909 sacraria
472 848 633 923 irruerem,
656 848 797 923 exoravi,
816 852 850 907 ut
871 847 942 907 dum
961 865 1010 907 me
1031 846 1216 927 colligerem,

319 949 473 1031 'l'nbingae
501 948 673 1030 aliquandiu
700 948 846 1030 principis
874 948 1091 1010 sustentatione
1118 948 1217 1012 subsi-

274 1090 278 1097 -
320 1052 418 1115 stendi
439 1070 524 1113 mora
546 1053 774 1113 concederetur.
823 1050 858 1111 ld
879 1070 947 1111 cum
967 1056 1039 1129 post
1059 1070 1123 1112 rev.
1143 1070 1218 1113 eon-

320 1154 433 1218 sistorii
455 1152 693 1232 explorationem
706 1151 773 1229 ⁵⁸),
795 1171 851 1232 per
865 1150 1037 1231 Christoph.
1053 1151 1220 1215 Binderum

320 1256 467 1335 insignem
488 1254 663 1334 theologum
684 1254 808 1332 lacem,
829 1253 883 1314 ubi
899 1274 948 1315 me
968 1252 1131 1334 plurimum
1152 1254 1219 1315 col-

319 1357 472 1419 laudasset
491 1356 611 1418 Johann
632 1356 787 1437 Magctrus
815 1363 888 1418 tunc
914 1355 1105 1437 praepositus
1126 1355 1219 1436 louge

323 1458 525 1539 dignissimus,
548 1458 803 1520 consultissimum
826 1465 906 1521 esset
921 1457 1033 1534 visum,
1056 1457 1098 1519 ita
1117 1457 1151 1519 in
1170 1477 1219 1519 me

323 1558 465 1622 collatum
486 1566 548 1637 est,
577 1566 611 1622 ut
637 1559 667 1620 in
696 1560 805 1621 illustri
827 1560 976 1641 stipendio
997 1557 1218 1639 Augustiniano

322 1661 478 1743 'l'uhingae
506 1661 604 1724 libero
627 1667 716 1744 atque
744 1663 851 1723 eodem
872 1682 940 1725 cum
961 1660 1219 1741 Superintenden-

320 1764 402 1828 tibus
426 1764 568 1827 convictu
589 1763 695 1842 alerer,
718 1764 789 1826 dum
811 1764 957 1829 ecclesiae
978 1763 1066 1824 locus
1086 1768 1217 1825 vacaret

320 1866 387 1929 Etsi
406 1885 481 1929 vero
504 1865 601 1929 aliena
621 1867 732 1929 invidia
754 1875 785 1931 et
805 1868 910 1931 fraude
928 1884 1033 1928 mensa
1057 1868 1169 1927 mutata
1189 1869 1221 1925 et

320 1969 402 2051 apud
427 1970 610 2050 Repetentes
641 1969 704 2031 sive
729 1971 919 2051 inspectores
947 1968 1110 2048 Magistros
1143 1966 1219 2029 assi-

322 2076 412 2153 gnata
432 2070 504 2132 mihi
526 2076 589 2145 est,
619 2070 736 2133 ielioius
765 2079 864 2134 tamen
885 2091 974 2154 qnam
995 2090 1053 2149 pro
1074 2069 1220 2150 opinione

322 2172 420 2234 cessit
464 2170 665 2234 convictores
692 2174 863 2253 contigere,
891 2192 1020 2255 quorum
1041 2170 1220 2246 {meminisse

317 2274 412 2351 juvat,
433 2273 552 2335 Johann
565 2274 661 2335 Jacob
678 2274 808 2350 Heinlin,
830 2276 928 2337 David
943 2273 1130 2336 Halenreffer
1141 2273 1219 2335 Mat-

321 2374 400 2435 thiae
426 2374 522 2451 filius,
549 2376 648 2437 David
668 2376 748 2453 Bab,
780 2376 902 2437 Samuel
928 2376 1065 2452 Martini,
1094 2374 1219 2439 Conrad

322 2474 474 2551 Kaemlin,
496 2476 615 2539 Johann
637 2478 825 2555 (leustetten,
847 2478 956 2541 Daniel
978 2478 1143 2556 Osiander,
1164 2478 1219 2540 de-

321 2577 391 2638 hine
419 2576 506 2638 etiarn
532 2578 651 2641 Johann
678 2580 821 2660 Spindler
853 2588 882 2643 et
908 2579 1087 2643 Wilhelmus
1114 2581 1218 2643 Schic-

323 2679 408 2755 card,
430 2697 467 2739 ao
488 2700 556 2741 cum
577 2680 613 2741 iis
634 2680 672 2743 N.
687 2683 800 2745 Sattler
815 2682 1113 2761 Wollenbiitelensis,
1136 2685 1217 2764 eJus-

323 2781 390 2842 dem
410 2800 528 2843 mecum
547 2780 732 2847 liberalitatis
753 2787 875 2867 hospes.

363 2880 517 2963 Tubingae
544 2884 681 2966 quintum
707 2889 887 2951 constitutus
916 2891 1045 2970 primum
1071 2894 1151 2967 erat,
1183 2895 1218 2952 ut

320 2982 409 3045 locos
430 2985 682 3068 theologicos⁵⁹)
704 2989 736 3050 in
756 2992 931 3053 memoriam
951 3011 1141 3070 revocarem,
1163 3013 1218 3055 cu-

317 3085 370 3163 jus
391 3088 553 3151 occasione
574 3110 688 3155 summa
704 3088 756 3155 illa
774 3095 929 3158 doetrinae
947 3095 1126 3157 christianae
1141 3116 1217 3160 con-

322 3190 440 3252 cinnata
465 3196 511 3253 est
535 3210 571 3253 ac
599 3212 678 3257 auno
705 3202 777 3277 post
804 3199 891 3261 edita
932 3198 1013 3259 Dein
1033 3218 1072 3260 ne
1093 3198 1217 3280 publice

320 3293 484 3374 perorandi
510 3294 635 3358 facultas
661 3297 782 3362 deesset
807 3309 897 3384 atque
920 3320 1010 3378 usus,
1038 3300 1150 3364 Sulzae
1178 3303 1218 3364 ad

321 3395 503 3474 Neocarnm,
529 3395 583 3458 ubi
609 3400 746 3464 sororius
766 3401 961 3467 Sebastianus
979 3406 1080 3469 Hesch
1102 3404 1217 3485 patriae

321 3498 456 3562 medicus
487 3498 629 3579 degebat,
662 3502 727 3580 eJus
754 3504 800 3565 rei
830 3506 1018 3588 frequentius
1048 3505 1217 3588 periculum

323 3598 396 3680 ieci,
423 3618 481 3665 neo
505 3618 563 3681 pro
583 3602 691 3683 populi
712 3622 804 3669 sensu
825 3605 974 3689 displicui.
1016 3612 1150 3673 Deerant
1168 3609 1216 3673 in·
