3025 4409
347 483 408 542 lta
614 473 697 526 biber
713 472 759 526 lv.
787 471 971 530 tato—1639.

346 630 551 711 successitque
572 629 730 691 excubitor
750 629 889 691 Andreas
911 627 1121 696 Scbrunannus
1145 637 1244 698 vexil-

345 732 412 793 liler
432 732 511 793 baud
532 731 624 811 paulo
644 729 801 790 humanior
823 739 853 792 et
872 731 1081 794 abstinentior.
1113 735 1164 796 llis
1185 739 1243 798 lro-

345 833 471 913 spitibns
499 831 644 893 obsessus
675 837 741 892 toto
767 851 847 892 anno
877 831 985 911 pedem
1013 841 1098 894 extra
1124 838 1244 898 moenia

343 934 402 996 nisi
419 933 457 994 ad
467 933 595 1012 primum
608 931 738 1010 lapidem
753 951 816 993 non
839 931 942 1004 extuli,
964 953 1075 1014 equum
1097 935 1192 1013 etiam,
1215 938 1242 999 si

339 1035 439 1112 jocari
454 1035 512 1093 boc
529 1033 670 1094 luctuoso
688 1052 768 1093 auno
789 1033 870 1108 licet,
891 1033 1007 1094 nullum
1025 1035 1170 1112 inscendi,
1189 1057 1242 1100 so-

343 1131 461 1195 litudini
486 1139 516 1192 et
542 1132 664 1194 silentio
689 1140 796 1194 contra
819 1132 940 1212 genium
968 1153 1067 1194 meum
1094 1137 1171 1198 adeo
1192 1157 1241 1198 as-

345 1234 511 1307 suefactus,
538 1240 572 1292 nt
596 1251 636 1292 ne
656 1231 687 1292 in
714 1252 870 1294 morosum
892 1233 1085 1312 degenerem,
1108 1237 1242 1298 contice-

344 1343 448 1395 scente
472 1331 605 1392 literario
626 1333 823 1408 commercio,
851 1333 1016 1394 cavendnm
1038 1335 1108 1396 mihi
1128 1347 1239 1416 putem.

343 1433 500 1513 Reliquam
526 1431 590 1511 agri
616 1431 706 1507 hujus
737 1432 1001 1512 Wiirttembergici
1036 1445 1241 1516 tempestatem

344 1544 376 1595 et
401 1533 517 1594 cladem
551 1534 618 1613 quis
646 1532 741 1594 fundo
770 1533 912 1613 explicet!
946 1534 1014 1614 qnis
1041 1535 1240 1616 lacrymarum

268 1669 271 1673 ·
343 1635 465 1696 flumine
479 1633 551 1695 satis
566 1632 722 1709 deploret?
756 1632 898 1695 Desolata
913 1641 959 1694 est
974 1633 1108 1698 nobilior
1129 1647 1159 1700 et
1178 1640 1239 1700 ler-

253 1748 256 1754 '
342 1736 425 1797 tilior
445 1754 530 1815 pars,
557 1734 706 1794 extinctae
731 1733 883 1796 bominum
911 1734 992 1796 varia
1013 1744 1099 1814 peste
1124 1739 1241 1822 aliquot

342 1836 500 1915 myriades.
550 1835 632 1896 luter
665 1833 782 1914 reliqua
807 1836 1003 1916 conflagravit
1029 1837 1240 1920 Herrenberga

342 1937 438 2017 patria
457 1957 532 2010 mea,
553 1935 697 2015 oppidum
717 1943 887 2011 venustum,
909 1937 1034 1998 fortuito
1055 1958 1093 2000 an
1116 1959 1239 2020 compo-

342 2038 401 2100 sito
429 2038 498 2116 igne
524 2037 672 2097 incertum
701 2037 750 2096 19.
769 2034 856 2110 Julii,
889 2037 1000 2098 afflicto
1031 2038 1072 2098 ibi
1097 2042 1238 2104 Heinlino

341 2159 426 2214 meo,
453 2138 616 2198 amicornm
642 2136 793 2216 primario.
843 2135 970 2199 Caetera
994 2147 1028 2200 ut
1048 2141 1176 2220 publicis
1197 2145 1239 2205 ita

341 2239 464 2320 privatis
484 2238 648 2298 amicorum
665 2236 814 2316 stragibus
836 2236 986 2300 funestum
1006 2260 1115 2303 annum
1138 2245 1235 2320 habui,

341 2357 471 2420 quorum
497 2337 585 2397 facile
610 2336 752 2416 princeps
773 2337 870 2398 David
891 2339 1045 2419 Magatrns
1061 2343 1125 2420 jam
1146 2363 1236 2424 saepe

341 2461 359 2500 a
379 2459 427 2500 me
434 2485 443 2516 ,
464 2437 518 2498 sad
539 2457 691 2518 nunquam
712 2437 785 2498 satis
806 2437 958 2514 laudatus,
989 2449 1019 2502 et
1039 2443 1102 2518 cui,
1130 2445 1155 2506 si
1177 2447 1236 2507 vita

339 2546 537 2620 prorogetur,
564 2538 731 2599 encomium
756 2539 909 2617 peculiare
930 2541 1043 2620 debeo,
1064 2555 1236 2626 opportune

340 2640 468 2720 tempori
495 2645 525 2700 et
543 2639 694 2713 hostibus,
721 2659 799 2720 qnos
827 2640 901 2702 recti
922 2647 952 2701 et
971 2643 1083 2721 patriae
1096 2647 1235 2708 ,studium

340 2750 514 2821 pepererat,
542 2747 665 2820 ereptus
687 2744 735 2802 13.
752 2741 844 2802 Junii.
885 2740 1018 2803 Abstulit
1038 2744 1125 2806 etiam
1147 2747 1235 2808 animi

338 2859 480 2903 moerore
491 2840 637 2922 Agnetem
647 2840 876 2920 Griiniugeriam
885 2841 1167 2907 Varenbiileriauam
1182 2847 1235 2908 be-

339 2941 456 3004 neficiis
486 2941 639 3022 prioribus
669 2948 700 3001 et
727 2942 889 3020 postremis
920 2943 952 3003 in
984 2965 1031 3006 me
1062 2947 1233 3011 notabilem.

339 3043 421 3120 Quin
440 3052 473 3104 et
492 3063 600 3104 socrus
620 3041 766 3103 malorum
785 3042 875 3104 tirreni
894 3043 973 3123 iecit,
994 3046 1128 3108 Barbara
1140 3047 1234 3110 Eder-

340 3144 428 3205 benia
448 3151 584 3205 mamona
602 3163 694 3223 supra
713 3142 833 3204 laudem
854 3163 951 3206 meam
971 3154 1002 3206 et
1022 3149 1151 3226 genuina
1172 3171 1235 3211 ma-

340 3252 387 3306 tre
407 3243 500 3305 uibilo
520 3244 655 3306 balanon.
687 3248 773 3325 Quae
799 3265 867 3306 cum
888 3245 918 3305 in
936 3247 1061 3324 patriam
1084 3250 1242 3312 Winidam‘

339 3344 555 3420 concessisset,
582 3344 633 3406 ubi
659 3345 831 3406 lacrtltatum
860 3348 996 3408 nonnihil
1015 3349 1143 3412 babebat
1163 3353 1233 3414 reli-

339 3448 401 3528 qui,
421 3467 440 3507 a
459 3444 637 3524 propinquis
657 3445 739 3506 urbis
761 3445 942 3526 primoribus
965 3449 1092 3526 deserta,
1114 3453 1233 3530 prodita

341 3555 372 3608 et
397 3545 517 3610 militari
545 3544 722 3607 insolentiae
747 3547 897 3625 exposita,
933 3548 985 3610 ubi
1012 3551 1177 3614 vexationis
1204 3562 1234 3615 et
