3025 4409
336 487 396 550 158
599 479 680 534 tiber
696 479 740 535 lv.
776 478 961 536 tuso-1639.

336 637 410 700 sebo
436 642 534 698 lamen
560 655 684 716 panorm.
728 637 889 699 Sororium
916 641 1078 715 utrumque
1100 633 1230 696 Plienin-

335 733 521 819 geruum)
543 744 574 796 et
594 736 760 798 Simonium
775 735 845 813 ¹⁵⁰)
866 743 956 816 atque
976 735 1059 798 illum
1082 755 1150 798 curn
1166 735 1229 796 filio

334 839 438 901 adulto
464 838 534 898 Job.
554 836 795 914 Conrado¹⁸¹),
823 839 902 900 bunc
928 857 995 898 eum
1021 855 1119 897 uxore
1140 837 1230 915 Regi-

334 939 464 1013 nam).
495 939 641 1000 Sororem
657 945 730 1000 natu
749 937 906 998 maximam
926 939 1043 1000 Annam
1056 936 1063 970 ¹
1076 935 1128 1013 Η)
1149 939 1230 1014 ejus-

334 1062 394 1124 que
420 1039 534 1102 liberos
562 1040 688 1100 Mariam
714 1046 745 1100 et
771 1036 939 1117 Philippum
967 1036 1229 1117 christophorum,

333 1143 478 1204 maximae
503 1140 721 1219 expectationis
739 1139 883 1215 juvenem
901 1137 1002 1200 multis
1022 1138 1093 1200 milri
1115 1138 1229 1218 impen-

334 1243 376 1305 sis
398 1242 557 1304 educatum
578 1248 608 1302 et
628 1249 731 1302 tenere
750 1244 889 1312 amatum,
911 1237 1037 1300 Tobiam
1053 1238 1229 1319 Eisengrein

335 1352 366 1405 et
390 1343 459 1404 tot.
476 1341 547 1402 Frei
565 1340 722 1413 medicos,
749 1358 785 1398 ac
811 1338 880 1399 doh.
897 1339 1137 1400 Scweiocardum
1159 1341 1229 1414 jure

335 1443 516 1516 consultum,
538 1459 576 1501 ex
596 1439 692 1502 amitis
712 1439 861 1514 Susanna,
884 1438 1008 1502 Corona
1030 1449 1059 1500 et
1079 1439 1229 1502 Blandina

334 1550 480 1624 cognatos
490 1543 606 1604 fratres.
636 1542 716 1602 luter
731 1540 1135 1620 lautoresBuwinghausium
1148 1540 1228 1618 ¹⁵⁴),

335 1644 479 1725 singulari
500 1642 602 1722 elogio
620 1661 639 1704 a
655 1661 704 1702 me
723 1640 876 1702 laudatum
897 1647 1009 1720 optata,
1032 1648 1063 1703 et
1081 1642 1227 1704 baronem

333 1745 615 1818 Francomontium,
645 1741 826 1804 formidabili
852 1748 950 1804 morte
979 1743 1138 1808 extinctos.
1182 1743 1227 1804 Ex

332 1847 480 1929 primariis
506 1845 608 1908 amicis
634 1843 790 1906 Danielem
816 1841 1066 1921 Hitzlerum'⁵⁶)
1088 1843 1229 1925 Argenti-

332 1968 389 2010 uae
415 1946 600 2020 exulantem,
628 1945 758 2006 solidum
784 1943 892 2020 theol,
920 1944 1007 2021 cujus
1029 1945 1092 2008 suis
1112 1947 1189 2008 locis
1208 1965 1228 2006 a

311 2049 379 2110 'me
399 2046 567 2108 honorifica
586 2044 699 2106 mentio
720 2045 798 2104 lacta
818 2053 872 2104 est.
919 2045 965 2106 Ex
986 2043 1152 2106 rarioribus
1171 2045 1227 2106 Jo-

331 2151 398 2211 ban.
419 2145 626 2210 Bernhardum
653 2145 757 2206 Unfrid
785 2145 957 2209 reconditae
985 2145 1170 2221 eruditionis,
1197 2153 1228 2206 et

331 2248 482 2310 wilhalm.
498 2245 661 2309 Sobicoard
675 2244 681 2277 ¹
694 2243 745 2320 Η)
765 2243 844 2306 illam
866 2245 1034 2308 academiae
1054 2245 1227 2326 Tubingen-

333 2350 375 2412 sis
390 2348 523 2409 nobilem
538 2365 692 2426 gemmam,
708 2345 791 2406 viros
804 2346 1062 2427 incomparabiles.
1094 2345 1156 2408 Sed
1169 2365 1228 2408 uec

331 2447 466 2510 reticebo
485 2447 654 2508 Johanuem
677 2445 841 2524 Georgium
862 2447 1024 2510 Stuberum
1037 2446 1044 2482 ¹
1056 2444 1107 2520 ⁸⁷)
1128 2447 1227 2525 rrragni

331 2549 420 2631 pretii
431 2546 586 2609 concivem
595 2565 694 2608 meum
703 2545 854 2628 aliumque
863 2548 1011 2610 «iacobum
1022 2545 1226 2626 saltumn)

333 2650 480 2715 scriniarii
506 2647 619 2727 opificii
639 2667 739 2709 rarum
760 2646 920 2723 artificem,
947 2667 1076 2728 quorum
1097 2667 1226 2711 couver-

331 2749 487 2828 satione*)
509 2750 674 2828 aegerrime
694 2767 794 2810 careo.
833 2748 924 2810 Hisce
937 2747 1034 2810 modis
1048 2747 1123 2810 illud
1144 2748 1228 2810 disce

332 2854 410 2917 mori
437 2852 507 2914 mibi
536 2858 714 2930 perpetuum
742 2849 878 2912 insonuit
905 2848 1035 2930 lecitque
1061 2849 1093 2912 iu
1120 2869 1227 2912 omnes

330 2956 423 3018 boras
442 2952 615 3033 expeditum
635 2958 666 3014 et
684 2951 764 3012 vitae
784 2957 830 3013 tot
849 2949 957 3012 ictibus
968 2948 1161 3014 labefactatae
1171 2970 1226 3013 ne-

332 3056 507 3137 gligentem,
538 3072 627 3134 quam
657 3059 756 3114 tamen
790 3051 891 3112 divino
919 3069 1042 3112 munere
1069 3051 1107 3113 ad
1135 3053 1225 3130 hujus

331 3155 403 3218 anni
428 3166 536 3216 metam
561 3153 606 3216 sic
630 3152 740 3214 leniter
766 3152 935 3214 effluentem
959 3151 1062 3226 habui,
1094 3158 1128 3214 ut
1155 3172 1223 3214 cnm

331 3255 524 3337 paucioribus
545 3253 697 3332 praeteriti
716 3253 861 3333 temporis
882 3252 1093 3314 conferendam
1112 3259 1223 3332 putem,

331 3358 446 3420 civibus
471 3375 575 3418 amore
596 3362 626 3416 et
651 3341 760 3418 officiis
781 3352 977 3426 certantibus,
1002 3351 1127 3414 aemulis
1148 3371 1223 3414 vero

396 3569 426 3638 ὓ)
443 3568 511 3623 cod.
529 3571 558 3621 Α.
576 3567 606 3621 Β.
625 3572 653 3621 el
669 3583 706 3620 a:
729 3564 940 3622 oonvmaatione
957 3571 985 3622 et
1003 3577 1096 3638 opera
