3025 4409
546 451 674 519 Quatuor
690 450 919 507 narratiunculae.
1139 457 1177 521 31

282 608 330 671 ios
351 606 480 688 propior
499 608 556 669 tui:
585 608 662 671 adeo
683 626 731 668 me
752 608 851 670 omnis
872 608 974 671 divim
992 625 1181 690 propegra·

281 710 321 771 tia
343 708 485 783 deseruit,
507 710 589 789 quod
610 710 729 790 plebem
750 710 827 770 hauc
847 708 1014 789 simplicem
1025 710 1180 789 negligen-

280 812 341 871 tius
369 810 508 871 haberem
541 818 571 872 et
597 809 872 891 praemeditationis
895 809 1092 871 accuratioris
1117 831 1180 875 non

281 910 422 989 indigam.
469 912 515 972 Tu
541 932 615 973 vero
639 912 681 973 tili
707 930 781 973 cave
808 921 838 970 et
864 930 932 972 meo
958 911 1017 973 hoc
1042 910 1179 990 periculo

281 1032 371 1091 sape,
400 1032 439 1073 ne
466 1032 597 1092 uuquam
625 1013 683 1075 nisi
708 1012 833 1093 praevia
859 1010 1051 1072 meditatione
1073 1018 1103 1071 et
1121 1012 1180 1091 piis

279 1111 424 1191 precibus
445 1112 484 1171 ad
504 1114 651 1192 populoru
668 1112 872 1175 Christianum
891 1110 984 1171 verba
1004 1110 1106 1187 iacias,
1126 1111 1180 1173 sed

281 1212 388 1292 capitis
410 1220 440 1273 et
460 1220 505 1273 tot
527 1232 683 1276 saormum
704 1214 907 1275 membrorum
928 1212 1106 1289 reverentia,
1127 1232 1180 1275 au-

282 1314 332 1373 xie
354 1320 384 1373 et
404 1313 622 1393 circumspecte
643 1314 776 1377 officium
797 1312 903 1388 facias,
923 1312 1058 1394 alioquin
1077 1312 1181 1374 violati

280 1414 363 1493 adyti
383 1432 514 1493 poenas,
540 1414 689 1494 aquibus
711 1434 768 1496 ego
789 1434 895 1494 parum
915 1412 1009 1488 abfui,
1031 1413 1182 1477 incursus.

282 1514 409 1594 Ecquod
431 1533 596 1593 perpessus
618 1515 657 1577 sit
680 1536 770 1590 avus,
793 1515 905 1575 nemini
924 1514 1111 1590 constitisse,
1132 1536 1181 1575 re-

281 1613 405 1695 petiisse
437 1621 535 1675 tamen
567 1615 643 1677 hauc
672 1616 763 1677 animi
792 1615 1066 1677 consternationem
1093 1616 1181 1677 etiam

281 1714 367 1777 aiibi:
390 1734 478 1795 quam
501 1714 619 1793 diguam
641 1717 864 1779 Hasenrefferus
884 1716 1014 1795 putavit,
1036 1735 1114 1795 quae
1128 1721 1180 1795 ju·

281 1815 373 1877 veuiii
395 1814 560 1890 temeritati,
582 1824 633 1877 aut
653 1817 799 1896 profanae
819 1815 906 1877 etiam
929 1816 1119 1895 quorundam
1132 1837 1182 1879 se-

282 1916 401 1981 curitati
422 1915 615 1992 objiceretur.

325 2016 456 2079 Tertiam
477 2016 515 2077 ab
538 2017 606 2096 ipso
627 2034 685 2077 avo
707 2015 864 2095 excepisse
885 2015 1002 2090 retulit,
1035 2034 1104 2077 cnm
1124 2034 1182 2077 no·

280 2117 373 2179 vitius
399 2116 589 2179 ecciesiastas
610 2136 628 2177 a
648 2115 738 2179 nimia
760 2116 944 2179 confidentia
962 2116 1181 2179 dehortaretur.

282 2217 391 2279 Fuisse
426 2216 577 2299 quondam
607 2218 751 2294 juvenem
783 2224 924 2279 vocatum
957 2225 992 2279 ut
1017 2215 1183 2281 facinorosi

281 2317 438 2395 cujusdam
464 2316 614 2398 supplicio
642 2316 681 2377 ob
710 2316 821 2379 multas
842 2318 951 2379 caedes
971 2317 1111 2381 destinati
1130 2338 1183 2382 so·

280 2417 353 2481 intio
382 2417 517 2493 adesset,
546 2426 637 2499 atque
665 2417 696 2479 in
722 2418 907 2496 protundum
934 2437 1086 2481 carcerem
1110 2407 1184 2483 tuoe

281 2519 453 2581 demissum.
475 2518 551 2581 Post
561 2517 672 2579 multos
683 2537 841 2581 sermones
856 2517 938 2581 ultro
948 2520 1086 2599 citroque
1099 2518 1184 2581 hubi-

281 2626 331 2683 tos
352 2619 383 2681 iu
405 2618 587 2682 mentionem
608 2617 726 2681 divinae
738 2618 945 2698 providentiae
954 2618 1107 2696 incidisse,
1128 2639 1183 2682 cu-

277 2720 331 2797 jus
358 2718 514 2783 voluntate
530 2720 594 2797 jun
621 2720 711 2781 morti
732 2740 804 2782 reus
825 2719 983 2799 expositus
1005 2726 1035 2781 et
1054 2719 1182 2785 traditos

282 2825 373 2883 esset.
416 2819 472 2881 iiic
497 2816 646 2882 latronem
672 2828 795 2883 torvum
817 2820 921 2883 videre
948 2826 978 2881 et
1002 2819 1034 2881 iu
1060 2834 1184 2881 carcere

281 2918 524 2999 circumspicere.
566 2920 655 2997 lude,
683 2920 755 2983 item
777 2930 825 2997 to,
853 2920 880 2981 si
901 2919 1021 3000 quidem
1044 2920 1108 2997 jam
1129 2920 1183 2983 tibi

281 3019 382 3099 gulam
402 3019 586 3101 frangerem,
608 3020 638 3083 id
659 3019 867 3102 providentiae
883 3019 982 3083 Deiue
1004 3028 1099 3096 esset,
1119 3040 1183 3085 non

282 3120 348 3182 sine
369 3119 458 3183 minis
479 3120 590 3183 dicere.
631 3120 673 3185 Se
694 3140 768 3185 vero
790 3120 877 3199 unp,
894 3125 1040 3196 tremere,
1062 3122 1183 3185 tandem

280 3221 382 3285 animo
409 3220 495 3302 quasi
523 3240 542 3281 a
566 3223 634 3285 Deo
662 3220 782 3285 reddito
813 3220 946 3281 mascule
971 3222 1182 3300 respondisse:

281 3322 308 3383 si
328 3321 448 3404 quidem
470 3320 511 3381 ita
527 3321 592 3399 Jam
611 3322 772 3397 accideret,
794 3319 918 3383 omuino
940 3320 1001 3381 Dei
1019 3321 1183 3402 providen-

280 3421 339 3482 tiae
361 3422 418 3483 erit
438 3421 685 3501 permittendum
708 3422 842 3485 futurum
855 3440 943 3497 vero,
963 3419 1183 3501 etidtibiper-

280 3520 443 3583 missurum
469 3522 570 3585 Deum
599 3522 720 3585 minime
750 3528 835 3603 puto.
884 3523 954 3599 Qua
977 3519 1068 3583 animi
1093 3538 1183 3601 prae-
