3025 4409
592 506 679 563 Primi
695 502 770 561 libri
805 504 890 559 snat
1149 511 1190 573 15

291 662 335 743 pli
356 659 479 725 sodales
504 668 535 723 et
561 672 672 742 sponte
690 662 840 739 invitavit,
872 671 903 725 et
923 671 957 724 ut
981 680 1039 724 nos
1059 663 1097 725 iis
1117 683 1191 725 cou-

291 782 499 837 versaremur,
527 762 634 825 sedulo
655 765 772 825 hortata
799 771 857 838 est,
886 784 948 844 quo
969 763 1098 825 oonsilio
1120 783 1192 844 per-

292 864 375 938 fecit,
395 882 434 923 ne
456 870 521 923 toto
542 864 602 924 hoc
623 864 791 926 studiorum
812 866 959 927 sexennio
980 865 1028 926 vel
1050 884 1111 924 una
1130 864 1193 924 vini

291 982 434 1025 mensura
459 982 478 1023 a
503 963 593 1025 nohis
616 972 703 1025 extra
724 965 816 1027 aedes
836 984 907 1027 suas
927 986 996 1027 cum
1017 964 1109 1027 sociis
1129 963 1194 1025 suis

293 1064 515 1139 exhauriretur,
541 1064 595 1125 sed
615 1064 724 1145 frugali
745 1066 887 1127 merenda
906 1066 1037 1127 libenter
1055 1065 1192 1147 acquies-

293 1183 439 1226 ceremus.
488 1165 595 1227 Actum
622 1174 742 1245 praeter
764 1166 924 1228 Frischlini
952 1166 1055 1243 (cujus
1076 1184 1137 1247 qua
1156 1165 1193 1225 li-

293 1266 380 1340 hera,
409 1284 469 1345 qua
488 1264 592 1345 ligata,
622 1267 721 1327 omnia
743 1267 851 1329 sedulo
877 1266 997 1343 evolvi)
1025 1275 1056 1328 et
1076 1266 1193 1328 Erasmi

293 1366 478 1438 facilitatem,
504 1365 535 1425 in
553 1365 711 1429 Ciceronis
732 1369 931 1446 majestatem,
953 1368 1029 1430 Livii
1049 1367 1193 1429 floridita-

293 1474 368 1543 tem,
394 1465 534 1528 Caesaris
556 1474 586 1527 et
606 1466 730 1529 Salustii
750 1468 887 1549 leporem
912 1488 960 1531 me
980 1468 1102 1544 immisi,
1123 1468 1193 1548 plu-

293 1569 401 1629 rimum
422 1567 459 1627 ab
483 1564 519 1627 iis
544 1565 687 1647 abreptus
715 1576 745 1629 et
764 1568 882 1631 liberali
901 1569 1056 1649 voluptate
1076 1568 1194 1629 delibu-

294 1680 353 1732 tns.
394 1669 468 1730 lnde
493 1666 524 1728 in
546 1667 699 1748 mpsim)
721 1670 915 1733 acrimoniam
941 1670 1066 1732 fortuito
1092 1668 1194 1744 incidi,

295 1774 382 1851 cujus
402 1768 546 1853 quicquid
563 1788 694 1849 unquam
710 1770 839 1845 emicuit,
860 1790 966 1850 magna
981 1769 1122 1831 aviditate
1141 1768 1194 1831 de-

293 1872 414 1949 voravi,
448 1868 553 1931 nescio
577 1888 678 1929 annon
706 1870 768 1931 stili
793 1871 982 1950 corruptela,
1013 1870 1073 1930 hoc
1095 1876 1194 1929 tamen

295 1994 369 2050 usu,
396 1979 430 2035 ut
457 1970 488 2031 in
512 1969 695 2051 antiquitatis
715 1971 919 2051 cognitionem
944 1980 975 2033 et
994 1969 1101 2031 seriam
1128 1969 1195 2047 phi-

295 2074 480 2154 losophiam,
507 2077 571 2131 tum
604 2070 739 2131 Senecae
771 2070 927 2153 Tacitique
958 2070 1195 2132 aestimationem

294 2194 385 2236 menn
411 2172 539 2235 duxerit.
593 2171 777 2235 Successore
803 2172 997 2248 Brissonius,
1024 2170 1196 2247 Tumehus,

295 2274 467 2348 Lambinus,
489 2271 644 2352 scaligeri,
665 2272 807 2335 Heinsius
829 2280 860 2335 et
874 2274 1026 2336 nobiliora
1046 2272 1104 2333 alis
1123 2271 1196 2333 Bal·

297 2375 352 2455 gii,
380 2374 481 2437 ltaliae
509 2381 539 2435 et
560 2372 675 2435 Galliae
696 2374 824 2453 ingenia
870 2374 917 2435 Ex
937 2374 1088 2437 historicis
1108 2375 1196 2435 Bem-

296 2476 368 2551 bus,
400 2474 523 2550 Jovius,
555 2473 801 2549 Guicciardinus,
833 2475 992 2554 Sigonius3
1029 2495 1067 2536 ex
1096 2478 1197 2554 potitis

296 2583 368 2656 post
385 2575 532 2647 Plautum,
552 2574 640 2635 nimis
661 2576 773 2650 tritum,
794 2576 937 2657 quicquid
958 2575 1006 2637 vel
1026 2576 1127 2656 prisca
1146 2575 1196 2635 vel

297 2676 450 2738 recentior
469 2683 552 2736 aetas
571 2675 720 2755 ingeniosi
740 2676 881 2753 protulit,
904 2697 941 2738 eo
962 2678 1070 2739 affectu
1091 2686 1121 2737 et
1141 2676 1196 2736 im-

297 2786 386 2857 petu,
413 2784 446 2837 ut
467 2779 587 2855 potitam
609 2778 718 2837 lactum
739 2796 803 2837 non
824 2796 906 2852 esse,
933 2777 1040 2838 mirum
1065 2778 1118 2845 sit:
1151 2777 1197 2839 his

298 2876 521 2959 superimposui
543 2875 755 2957 Zwingeri³⁹)
777 2878 953 2953 Theatrum,
973 2898 1041 2939 cum
1065 2876 1198 2939 methodi

299 2979 448 3060 exquisita
468 2978 585 3039 ratione
604 2985 668 3039 tum
687 2978 804 3039 infinita
823 2979 967 3041 varietate
981 2979 1125 3041 historica
1141 2979 1197 3040 im-

298 3080 411 3160 pendio
429 3079 579 3151 dilectum,
592 3087 622 3141 et
641 3100 702 3161 quo
718 3080 844 3141 meritum
863 3080 924 3141 olei
941 3088 988 3142 est
1003 3081 1197 3160 insumptum.

298 3183 342 3242 lta
364 3181 442 3242 enim
456 3192 573 3261 tempus
594 3181 761 3255 diviseram,
782 3188 817 3242 ut
835 3180 943 3241 artium
964 3182 1130 3263 disciplinis
1151 3183 1197 3243 in-

299 3282 397 3344 terdiu
423 3284 638 3359 incumberem,
666 3291 806 3345 autorum
826 3302 901 3343 vero
926 3282 1049 3345 lectioni
1070 3287 1197 3365 prolun-

299 3382 356 3443 dae
381 3386 480 3447 noctis
505 3385 729 3447 lucubrationes
757 3383 913 3458 adderem,
942 3404 1003 3465 qua
1022 3385 1198 3467 intemperie

301 3482 400 3559 effeci,
427 3492 461 3546 ut
487 3494 517 3547 et
541 3485 624 3547 visus
650 3485 744 3545 aciem
771 3484 948 3561 hebetarim,
976 3494 1008 3547 et
1032 3486 1197 3548 insomnise

302 3584 468 3647 molestiam
495 3585 565 3647 mihi
585 3584 784 3662 conciliarim,
812 3592 843 3648 et
868 3585 946 3648 lidae
971 3586 1132 3649 memoriae
1152 3594 1197 3648 te-
