3025 4409
616 496 714 570 Neptlr
730 493 827 569 prima.
1109 504 1170 568 175

272 657 323 718 nio
340 663 410 718 ante
428 674 515 716 sacro
533 654 627 716 cultui
646 654 844 729 restituerant,
865 650 1003 714 absoluta
1020 659 1075 731 est,
1091 675 1170 737 quae

271 766 371 819 tamen
391 757 496 820 resin
517 775 613 818 meam
634 754 845 818 contumeliam
866 753 970 830 vertit,
993 773 1061 816 cum
1082 776 1171 820 sena-

270 866 321 922 tus
340 861 397 922 bac
418 859 579 922 occasione
599 856 716 934 oblata,
746 873 912 937 paucorum
933 855 1094 920 insolentia
1114 860 1170 922 im-

269 963 394 1044 pulsus,
425 982 546 1026 omnem
574 960 806 1024 ecclesiasticam
838 958 1046 1023 oeconomiam
1069 962 1109 1025 ad
1136 984 1170 1026 se

271 1071 408 1146 raperet,
439 1065 522 1127 unde
546 1063 624 1126 inter
647 1084 706 1127 nos
731 1061 841 1126 acerba
868 1061 1023 1124 altercatio
1052 1071 1168 1144 exorta,

271 1168 360 1246 cujus
381 1166 553 1245 dijudicatio
573 1166 606 1228 in
630 1166 759 1228 reditum
778 1164 925 1246 principis
946 1171 992 1226 est
1013 1185 1169 1247 suspensa.

271 1268 437 1332 Intervenit
463 1269 550 1330 etiam
573 1268 763 1349 Jo.w01ffg.
783 1265 882 1348 Vogel
902 1266 934 1328 in
956 1267 1091 1331 exercitu
1109 1271 1170 1332 Ba-

270 1371 375 1435 varieo
394 1369 519 1435 velitum
538 1370 609 1449 dux,
631 1370 683 1454 qni
702 1370 735 1432 in
753 1369 888 1450 hyberna
908 1369 947 1431 ad
967 1389 1025 1434 nos
1043 1390 1170 1435 conces-

272 1472 321 1552 sit,
342 1492 381 1535 ex
402 1473 532 1536 sordidis
552 1472 700 1536 natalibus
720 1492 777 1554 per
798 1491 903 1535 omnes
917 1471 1039 1534 militiae
1057 1474 1170 1555 gradem

271 1576 312 1637 ad
339 1595 454 1638 summa
474 1594 624 1653 emersus,
650 1577 732 1640 unde
757 1573 915 1656 vectigalia
942 1581 973 1636 et
996 1576 1170 1639 exactiones

271 1679 304 1740 in
324 1679 501 1740 immensum
522 1685 636 1757 anctae,
657 1677 807 1740 luxuriam
825 1684 961 1739 nostram
976 1697 1053 1758 quae
1070 1681 1170 1742 moni·

271 1781 312 1844 tis
338 1780 431 1843 nullis
455 1779 600 1844 hactenus
626 1780 731 1858 cessit,
765 1797 908 1840 coercere
933 1777 1095 1859 incipiunt,
1129 1801 1169 1844 eo

274 1889 399 1958 eventu,
426 1902 515 1965 quem
536 1901 666 1965 sequens
686 1900 783 1943 annus
803 1878 953 1941 indicabit.
994 1881 1092 1946 Amici
1112 1903 1170 1964 per

271 1983 431 2047 intervalla
457 1985 625 2048 inviserant
655 1984 724 2046 Joh.
751 1980 992 2047 llolenlslderus
1021 1985 1169 2048 Ludovici

272 2086 363 2164 filius,
384 2085 556 2164 lleinlinus,
585 2083 794 2166 Machtolplrns
816 2091 847 2146 et
864 2084 974 2148 Daniel
994 2086 1169 2150 Zwickerus

270 2187 482 2251 Dentiscanus.
540 2187 698 2268 'l'emporis
733 2185 865 2248 taedium
898 2187 1171 2256 mathematicorum

271 2289 497 2370 disciplinarum
514 2289 714 2352 ruminatione
730 2287 863 2368 mitigavi
881 2294 972 2372 atque
993 2289 1037 2352 sio
1057 2309 1171 2353 annum

272 2391 417 2469 contrivi,
445 2399 481 2455 ut
506 2390 675 2455 commodis
698 2396 793 2471 atque
809 2391 1008 2455 incommodis
1028 2392 1171 2476 utrinque

271 2493 489 2576 compensat'm,
515 2513 571 2558 cor
590 2493 658 2554 Deo
680 2491 795 2571 optimo
815 2494 924 2574 gratias
946 2494 1079 2574 debeam,
1100 2495 1171 2576 plu·-

271 2598 381 2660 rimum
401 2595 541 2676 supersit
583 2595 757 2658 Succedens
777 2593 948 2676 trigesimus
970 2603 1095 2659 octavus
1115 2615 1171 2658 an·

271 2719 346 2777 nus,
374 2696 427 2780 qui
446 2695 632 2760 liberationis
653 2704 776 2761 nostrae
797 2699 916 2760 iuturus
935 2699 1047 2779 passim
1067 2697 1171 2762 andie-

271 2801 339 2877 bat,
368 2817 466 2861 novae
486 2798 639 2861 servitutis
659 2819 696 2861 ac
715 2799 936 2880 propemodum
955 2799 1170 2863 internecionis

273 2902 371 2963 menis
392 2907 453 2978 est,
475 2901 563 2979 cujus
582 2899 665 2963 initia
684 2900 886 2964 moderatiora
907 2901 1009 2980 inere,
1027 2901 1171 2982 hybernis

274 3002 365 3065 nobis
385 3021 449 3064 uon
468 3001 585 3064 infestis
606 3008 637 3064 et
656 3001 782 3064 Wolfio
806 3003 888 3066 omni
907 3003 1095 3066 humanitatis
1117 3022 1171 3085 ge-

276 3123 351 3167 nere
370 3102 530 3166 nobiscum
551 3110 693 3168 certante.
740 3103 819 3166 Cum
845 3103 932 3167 etiam
953 3123 991 3167 ex
1012 3104 1172 3186 superiore

277 3205 362 3268 ducis
381 3204 652 3282 Vinariensis¹⁷⁷)
678 3205 767 3269 clade
789 3208 996 3270 centurionem
1021 3207 1172 3291 quendam

277 3305 412 3371 nobilem
432 3306 568 3386 Gallum,
598 3306 650 3390 qui
668 3307 717 3370 Jo
733 3307 888 3390 Augustus
908 3309 1046 3372 Danotus
1067 3306 1172 3372 vocari

276 3406 387 3486 voluit,
413 3408 576 3489 captivum,
603 3406 733 3489 primum
756 3409 934 3489 liberaliter,
968 3417 1040 3493 post
1064 3413 1171 3474 exorta

277 3509 440 3588 simultate,
468 3507 608 3572 servilius
627 3508 764 3590 liaberet,
789 3511 939 3576 hominem
960 3509 1104 3592 elegantis
1122 3509 1171 3573 in·

279 3612 373 3694 genii,
392 3609 565 3692 multiplicis
582 3630 657 3674 usus
678 3619 710 3675 et
723 3613 909 3678 exoticarmn
928 3612 1097 3693 linguarum
1114 3631 1169 3694 pe·
