3025 4409
327 484 367 546 74
596 475 679 529 trau
695 475 726 528 u.
761 472 945 529 tort-toan.

324 634 465 696 laudabili
486 652 574 714 quam
595 631 724 711 perutili
773 631 925 712 Quicquid
943 628 1131 692 liberandum
1152 632 1219 710 luit,

325 756 438 797 moram
456 754 518 796 non
535 734 611 795 tulit.
653 732 728 792 Nam
743 732 870 793 triborio
884 738 1005 811 praeter
1019 732 1221 793 vastissimum

324 836 467 917 templum
487 833 591 913 viginti
609 841 672 893 tres
694 833 802 893 domus
823 841 854 895 et
869 833 1004 914 quinque
1016 832 1126 893 horrea
1145 852 1221 894 con-

323 938 474 1011 ciderunt,
501 935 617 995 minore
643 954 733 1014 quam
753 933 838 1011 prius
863 941 894 993 et
921 932 1127 994 aedificiorum
1148 953 1220 1014 per-

323 1038 454 1101 ditorum
473 1054 599 1097 numero
627 1045 657 1096 et
683 1032 828 1111 temporis
856 1033 1029 1108 duratione,
1065 1034 1119 1093 sed
1146 1054 1220 1113 pru-

324 1136 489 1201 dentissimi
515 1136 662 1215 cujusque
683 1134 891 1195 aestimatione
912 1134 1091 1195 detrimento
1113 1134 1219 1211 majori

323 1248 412 1320 atque
438 1238 507 1297 mali
533 1236 727 1297 vehementia.
775 1235 827 1296 Sic
854 1234 932 1295 enim
954 1234 1137 1295 arbitrantur
1166 1233 1219 1314 qui

324 1340 368 1402 rei
394 1338 568 1413 adfuerunt,
604 1337 630 1397 si
657 1336 777 1417 quidem
806 1342 900 1396 noctu
929 1335 1080 1414 erupisset
1109 1334 1219 1395 malum

323 1440 475 1501 hominnm
489 1438 651 1499 multorum
665 1436 816 1497 interitum
831 1436 1107 1515 praesentissimum
1125 1436 1219 1497 tuisse

322 1542 469 1614 futurum,
497 1558 586 1619 quem
614 1539 662 1597 die
687 1556 723 1598 ac
743 1536 843 1597 vestiti
863 1536 914 1595 vin
935 1534 1116 1616 effugerunt,
1148 1536 1219 1597 dein

322 1640 508 1720 perditorum
534 1639 708 1719 pauperiem
734 1636 898 1716 pensitant,
921 1656 998 1717 quae
1019 1637 1130 1697 nullam
1152 1657 1218 1699 om-

321 1741 395 1801 nino
405 1740 612 1820 respirationis
629 1758 713 1820 spem
727 1736 875 1810 admittat;
897 1736 1026 1817 denique
1045 1758 1138 1819 supra
1151 1760 1218 1801 om-

321 1842 370 1902 nia
390 1840 492 1921 templi
513 1842 642 1921 ingentis
658 1842 747 1923 pretii
761 1846 942 1903 structuram
957 1841 1064 1901 merito
1081 1849 1216 1917 censent,

322 1942 409 2019 cujus
434 1941 484 2003 vel
514 1943 647 2025 quinque
673 1960 834 2021 campanae
860 1945 974 2000 tautum
1001 1939 1078 2019 ignis
1106 1942 1217 2002 ardore

321 2060 384 2104 nou
416 2050 475 2103 tam
502 2042 679 2124 liquefactae
714 2062 803 2123 quam
831 2040 1006 2119 absumptae
1030 2040 1132 2101 multis
1157 2042 1216 2103 ilo-

320 2162 464 2205 renorum
485 2142 616 2204 millibus
637 2164 699 2204 non
721 2144 917 2203 redimuntur.
967 2140 1051 2201 Finis
1073 2146 1127 2201 bac
1147 2142 1216 2222 qui-

321 2244 389 2304 dem
414 2248 499 2327 parte
526 2242 666 2304 incendio
692 2244 789 2304 lactus
809 2241 841 2301 in
862 2240 936 2301 meis
957 2246 987 2300 et
1006 2239 1113 2302 vicinis
1134 2243 1216 2303 aedi-

319 2342 386 2418 bus,
409 2361 484 2422 qnas
506 2343 582 2403 adeo
603 2342 680 2423 ignis
703 2337 947 2422 obvall[av]erat,
968 2348 1002 2403 ut
1022 2342 1080 2403 nisi
1102 2362 1140 2402 ex
1160 2342 1214 2402 ad-

319 2462 410 2504 verso
431 2441 591 2522 perforatis
613 2442 776 2520 parietibus
797 2462 876 2523 aqua
895 2442 1052 2505 intromitti
1071 2462 1135 2503 non
1154 2462 1214 2521 po·

319 2538 418 2605 tuerit.
462 2540 542 2601 Alibi
562 2542 717 2604 Francisoi
741 2537 867 2603 Ferberi
892 2543 1000 2605 domus
1025 2542 1094 2603 solo
1120 2544 1215 2605 hamis

319 2644 425 2705 terreis
445 2652 571 2722 aequata
595 2664 656 2704 nou
680 2643 753 2704 citra
778 2645 952 2705 diuturnum
977 2643 1131 2722 negotium
1157 2644 1213 2703 mi-

319 2744 427 2805 seriam
448 2743 623 2805 terminavit.
666 2745 709 2805 lta
730 2750 761 2804 et
780 2743 918 2823 publicae
938 2744 1028 2805 aedes
1056 2763 1131 2824 quas
1160 2764 1213 2804 ur-

318 2843 366 2905 bis
394 2842 493 2906 scriba
518 2842 661 2904 inhabitat
692 2850 840 2919 servatae,
866 2844 995 2905 maximo
1023 2845 1213 2925 propinquo-

318 2964 385 3006 rum
406 2952 568 3006 momeuto.
610 2942 666 3005 llic
688 2944 766 3005 enim
787 2943 986 3004 cohibendum
1007 2951 1072 3004 erat
1091 2944 1211 3021 malum,

319 3050 370 3106 aut
390 3064 513 3125 magnae
539 3044 622 3106 urbis
643 3045 720 3125 parti
740 3043 966 3105 immittendum.
1009 3045 1096 3105 Unde
1115 3045 1211 3123 majo-

319 3145 401 3208 ribus
422 3146 528 3207 animis
549 3146 713 3208 incubuere
733 3152 768 3205 ut
782 3146 993 3224 perdomarent
1011 3147 1129 3207 bostem
1143 3166 1209 3208 sae-

317 3266 397 3309 vum.
438 3247 547 3325 Ajunt,
574 3248 747 3309 uuiversum
772 3263 870 3323 prope
896 3247 1039 3325 oppidum
1064 3246 1154 3308 bouis
1181 3253 1213 3309 et

318 3346 504 3427 supellectile
518 3358 675 3411 vacuatum
689 3346 782 3408 luisse
795 3344 965 3407 bominibus
984 3346 1089 3426 priore
1100 3348 1208 3407 damno

317 3447 442 3512 territis:
464 3448 495 3509 id
515 3468 589 3511 vero
611 3448 709 3510 miuus
730 3446 869 3509 consulte
889 3446 1008 3523 mabam
1030 3467 1099 3509 cum
1115 3465 1208 3509 occu·

317 3548 393 3628 palis
421 3547 491 3611 alibi
519 3558 549 3613 et
574 3548 717 3632 dispersis
744 3546 859 3610 civibus
885 3546 932 3609 vis
959 3547 1038 3627 iguis
1065 3547 1152 3609 citirrs
1178 3553 1210 3609 et
