3025 4409
356 489 418 548 ‘218
623 483 706 537 Liber
722 483 764 536 Vl.
799 483 982 540 tots-1649.

356 637 444 698 nobis
465 637 548 698 visus
570 645 628 714 est,
656 657 794 720 nequae
816 659 923 719 magno
945 639 1013 702 nisu
1035 639 1066 700 in
1087 660 1173 702 usum
1194 662 1254 704 nu-

356 757 412 816 per
432 738 555 798 reducta
575 747 657 800 esset
676 739 823 800 eeclesiae
840 759 976 815 censura,
999 740 1029 800 in
1050 739 1120 802 vilia
1140 749 1255 803 tantum

356 837 452 916 capita
473 845 503 898 et
521 839 677 902 columbas
697 840 807 914 valere,
829 839 1017 901 indemnibus
1036 841 1146 916 corvis,
1167 842 1255 902 vide-

355 946 448 999 retur.
479 938 542 998 Sed
563 939 732 1002 intercessit
752 940 871 1016 familia,
894 939 1113 1020 occupavitque
1135 941 1165 1001 in
1187 949 1255 1002 tan-

354 1049 417 1099 tum
437 1039 534 1100 virum
555 1052 673 1102 caetera
693 1040 915 1120 integerrimum
931 1041 1118 1102 Fridericum
1128 1041 1254 1102 Richar-

356 1140 426 1199 dum
445 1140 627 1201 Merkelium
642 1160 750 1216 meum,
773 1149 854 1201 utet
873 1141 953 1202 civili
972 1160 1088 1221 poenae
1107 1149 1137 1202 et
1154 1142 1254 1202 eecle-

355 1241 493 1301 siasticae
503 1259 648 1300 censurae
662 1241 852 1320 praepotenti
866 1243 897 1304 vi
919 1242 1109 1302 eximeretur.
1145 1241 1253 1322 quue

355 1340 555 1419 impudentiae
567 1360 729 1420 progressa
741 1349 788 1402 est
799 1342 922 1420 politica
938 1343 1020 1403 fraus
1031 1349 1120 1422 atque
1133 1341 1252 1402 violen-

357 1440 406 1514 tia,
426 1447 459 1500 ut
470 1440 635 1519 principem
647 1441 904 1520 episcopum²²⁸)
923 1461 1004 1502 novo
1023 1443 1162 1522 exemplo
1178 1463 1253 1504 oon-

322 1608 324 1613 ,
356 1542 502 1615 solueret,
514 1543 601 1618 cujus
614 1542 644 1602 in
661 1562 750 1602 manu
766 1551 855 1618 esset,
867 1542 961 1603 invito
977 1542 1153 1617 ministerio,
1165 1562 1252 1604 reum

354 1641 522 1717 absolvere,
544 1642 695 1723 quinimo
718 1641 937 1703 absolutionem
961 1642 1004 1702 rei
1025 1642 1251 1722 flagitiosissimi

355 1743 420 1803 sine
436 1743 636 1822 poenitentiae
652 1743 814 1821 specimine
824 1744 895 1820 jure
912 1762 969 1803 suo
983 1743 1140 1822 imperare.
1169 1745 1252 1819 Quid

354 1863 416 1904 non
430 1845 520 1905 audet
531 1845 700 1905 dominatus
711 1839 784 1920 ²²⁹)
798 1843 917 1904 turbato
927 1842 1042 1920 reipub.
1057 1851 1086 1902 et
1100 1862 1250 1921 oppresso

354 1945 500 2006 ecclesiae
527 1953 605 2005 statu
626 1949 806 2022 occupatus,
834 1942 904 2002 dum
925 1941 1091 2003 sceleribus
1111 1943 1174 2004 suis
1195 1944 1251 2005 im-

353 2045 525 2105 munitatem
548 2045 663 2124 quaerit
683 2046 841 2123 Deumque
868 2041 966 2120 ipsum
986 2041 1121 2119 judicem
1147 2043 1251 2105 exolu-

353 2144 413 2206 dit?
451 2143 513 2204 Sed
534 2144 645 2205 frustra
664 2152 719 2219 est,
741 2163 809 2204 nam
832 2150 861 2204 et
881 2142 929 2202 hic
950 2144 1034 2204 Deus
1056 2162 1194 2204 severum
1216 2165 1250 2206 se

353 2244 502 2305 vindicem
522 2245 713 2320 monstravit,
742 2245 901 2324 ipsumque
928 2244 1133 2305 facinorosum
1154 2246 1250 2306 homi-

352 2365 422 2406 nem
440 2345 585 2406 ecclesiae
602 2346 803 2421 insultantem,
824 2345 946 2406 vixdum
967 2343 1104 2404 maritum
1128 2345 1248 2423 lactum,

353 2447 476 2524 dejecit,
504 2443 702 2525 omnibusque
728 2444 869 2506 membris
896 2444 1098 2506 miserandum
1124 2445 1155 2506 in
1182 2467 1249 2508 mo-

352 2549 423 2610 dum
443 2546 546 2621 tortis,
574 2544 614 2605 ita
639 2553 672 2606 ut
692 2564 726 2605 se
747 2545 825 2606 mori
845 2545 970 2608 sentiret
994 2551 1024 2605 et
1048 2563 1170 2606 manum
1191 2549 1250 2608 Dei

353 2647 553 2728 experiretur,
581 2644 720 2721 extinxit,
747 2652 864 2708 terrore
885 2666 923 2706 an
951 2652 1076 2723 stupore
1097 2646 1249 2708 auxiliari-

351 2749 409 2810 bus
429 2749 493 2810 suis
513 2745 634 2821 relicto,
654 2747 810 2808 incertum.
857 2748 923 2808 lloc
943 2764 1051 2824 nempe
1072 2745 1103 2805 in
1124 2749 1249 2827 negotio

351 2867 475 2928 magnae
496 2866 579 2909 meae
599 2853 699 2926 partes
721 2854 751 2908 et
772 2867 840 2908 cnm
855 2845 966 2908 invidia
979 2847 1115 2922 fuerunt,
1137 2849 1248 2930 exiguo

351 2969 510 3024 successu,
532 2947 647 3009 scilicet
667 2947 719 3009 ubi
739 2967 810 3008 reus
819 2946 931 3024 jndicis
949 2953 978 3006 et
990 2949 1161 3010 executoris
1177 2970 1248 3029 per-

350 3070 456 3112 sonam
479 3049 537 3110 sibi
557 3048 655 3110 sumit.
693 3048 790 3110 Stabit
803 3055 902 3108 amen
922 3047 1066 3108 ecclesiae
1080 3051 1132 3125 jus
1148 3070 1247 3127 suum,

351 3173 419 3213 cum
439 3149 604 3230 tyrannidis
631 3149 789 3211 insolentia
814 3149 870 3210 sub
898 3148 1043 3228 principis
1063 3148 1147 3210 larva
1167 3152 1248 3212 ceci-

350 3254 439 3314 derit.
476 3252 540 3312 lmo
561 3259 591 3311 et
610 3251 752 3330 princeps
766 3249 885 3309 tandem
906 3248 963 3308 sibi
984 3247 1155 3328 impositum
1176 3271 1246 3313 sen-

350 3355 390 3415 sit
410 3361 441 3414 et
460 3352 646 3430 indignatus,
668 3371 701 3412 se
723 3349 848 3411 sceleris
868 3349 958 3410 alieni
971 3349 1148 3428 operculum
1170 3352 1245 3414 lieri.

350 3454 473 3515 Rectius
489 3452 661 3525 consultus,
683 3451 800 3512 veniam
817 3449 954 3512 adulterii
976 3450 1066 3510 dandi
1087 3452 1247 3514 consilium

345 3556 432 3632 juxta
442 3564 473 3618 et
481 3552 646 3634 improbam
658 3552 831 3630 petitionem
842 3550 1009 3630 repudiavit
1019 3553 1068 3614 16.
1081 3559 1111 3613 et
1125 3551 1245 3614 19.Νο-
