3025 4409
531 497 690 551 Missionem
709 497 743 551 ab
763 497 854 551 ollicio
873 499 949 568 petit.
1127 509 1188 568 233

296 670 392 712 anuos
411 651 497 712 aulae
516 654 678 735 curiaeque
693 655 903 736 muniislonge
917 657 1098 736 gravissimis
1113 680 1187 720 con-

297 751 366 826 tuli,
393 773 544 834 nunquam
567 755 705 818 servilius
726 762 755 816 et
776 755 906 836 iniquius
927 777 1015 837 quam
1037 760 1090 819 hac
1111 760 1189 821 vitae

296 854 383 930 quasi
408 864 486 915 meta
513 844 577 916 mea
597 857 634 917 ab
656 856 706 930 its,
735 877 812 937 quos
834 857 952 918 minime
974 858 1111 934 decebat,
1136 861 1188 922 ha-

295 951 385 1013 bitus.
420 954 486 1015 Nec
506 957 622 1017 interim
643 977 660 1016 a
682 957 895 1036 scriptionibus
918 966 947 1018 et
966 959 1098 1022 literario
1120 982 1187 1022 cum

296 1051 469 1116 clarissimis
497 1057 568 1117 viris
600 1058 780 1118 commercio
812 1061 949 1122 immunis
980 1070 1030 1122 aut
1061 1063 1187 1138 otiosuS,

296 1153 405 1233 quibus
432 1156 481 1216 vel
507 1158 646 1217 insuaves
676 1158 804 1220 invidiae
831 1160 934 1235 boloe,
966 1162 1013 1222 vel
1045 1163 1189 1224 adversae

294 1254 473 1318 valetudinis
499 1266 528 1316 et
547 1257 712 1318 insomniae
732 1260 884 1322 molestias
904 1263 1027 1322 condire
1049 1283 1114 1324 sum
1137 1283 1188 1326 so-

296 1353 376 1416 litus·
418 1357 534 1418 Utinam
555 1378 638 1433 vero,
661 1379 749 1439 quarn
771 1361 951 1422 indefessum
971 1363 1098 1423 animum
1120 1364 1187 1424 nul-

297 1453 394 1535 lisque
413 1458 556 1536 periculis
577 1458 733 1519 infractum
754 1461 792 1518 ad
813 1463 1010 1524 restituendas
1025 1485 1074 1525 res
1090 1465 1187 1526 eccle·

299 1555 359 1615 siae
383 1556 482 1631 attuli,
514 1565 573 1617 tam
601 1559 667 1635 ejus
693 1561 859 1638 proiectum
888 1562 936 1621 vel
959 1565 1021 1640 jam
1048 1565 1187 1644 experiri,

297 1656 347 1716 vel
374 1677 497 1736 sperare
522 1660 646 1736 posthac
678 1678 733 1737 per
762 1678 814 1719 eos
841 1660 990 1737 licuisset,
1021 1665 1072 1743 qui
1098 1666 1187 1728 unice

296 1759 373 1818 hanc
399 1779 520 1838 operam
547 1760 707 1829 dederunt,
739 1779 778 1819 ne
812 1761 883 1840 quid
912 1769 992 1822 recte
1019 1764 1105 1826 fieret
1131 1786 1187 1826 un-

298 1879 400 1939 quam,
431 1867 481 1924 aut
506 1859 583 1919 male
608 1878 670 1919 non
696 1859 796 1934 fieret,
832 1861 993 1922 dummodo
1022 1865 1188 1926 autoritatis

298 1978 371 2020 suae
399 1969 428 2020 et
455 1961 682 2022 commodorum
709 1959 880 2036 simulacra,
915 1968 1031 2023 caetera
1058 1964 1129 2024 nudi
1157 1972 1187 2025 et

299 2060 401 2139 egeni,
427 2067 507 2120 sarta
533 2068 672 2140 tectaque
693 2069 919 2136 conservarent,
944 2063 1030 2138 cujus
1050 2056 1188 2141 profecto

298 2181 424 2240 poenam
452 2163 534 2235 Deo,
562 2161 709 2222 infamiam
735 2181 810 2222 vero
835 2162 1002 2240 posteritati
1028 2162 1188 2225 debebunt.

298 2262 379 2340 Ergo
405 2281 507 2322 rerum
533 2261 808 2324 confusissimarum
835 2271 864 2324 et
890 2263 1052 2342 turpissimi
1077 2265 1188 2324 manci-

298 2370 386 2440 patus
411 2362 510 2423 taedio
535 2364 673 2438 affectus,
700 2365 926 2443 ingravescente
952 2365 1074 2443 insuper
1099 2365 1189 2426 animi

298 2463 421 2540 morbo,
447 2463 563 2541 abjecta
589 2485 689 2525 rerum
715 2465 960 2544 corrigendorum
981 2486 1049 2545 spe,
1078 2465 1189 2528 inlice

282 2560 381 2625 ‘totus
406 2563 543 2639 incubui,
578 2572 611 2626 ut
637 2567 791 2626 honestam
823 2566 859 2626 ab
889 2565 989 2626 otficio
1015 2567 1188 2630 missionem

298 2664 486 2743 impetrarem
518 2685 554 2725 ac
586 2686 679 2745 porro
709 2666 834 2726 liberius
861 2669 927 2726 Deo
953 2666 1083 2747 mihique
1109 2669 1189 2730 vive

299 2785 372 2825 rem.
426 2765 589 2829 ltlovebant
621 2775 666 2827 tot
701 2767 818 2844 egregia
849 2767 1119 2830 laudatissimorum
1151 2791 1188 2832 ex

300 2866 380 2926 omni
400 2867 553 2927 hominum
574 2868 680 2928 ordine
699 2869 833 2927 virorum
855 2867 1004 2946 exempla,
1027 2869 1078 2948 qui
1099 2890 1189 2932 coro-

299 2987 369 3042 nas,
397 2968 502 3043 tiaras,
528 2968 650 3043 inlulas,
679 2975 811 3046 sceptra,
834 2967 945 3042 lastae,
964 2968 1094 3046 trabeas,
1117 2992 1188 3050 pur-

299 3089 420 3147 puram,
441 3069 551 3147 pedum
573 3068 701 3148 pulpita,
723 3087 811 3147 gazas
833 3074 863 3126 et
883 3068 1024 3149 quicquid
1045 3071 1189 3133 humanae

299 3186 428 3247 pompae
449 3176 479 3228 et
490 3167 677 3246 phalerarum
691 3176 745 3243 est,
768 3175 875 3246 sponte
893 3188 946 3228 sua
960 3172 1188 3248 generosissime

300 3269 486 3347 posuissent,
514 3275 548 3329 ut
574 3268 725 3347 religioni,
760 3269 978 3348 tranquillitati,
1007 3272 1188 3350 contempla-

300 3369 389 3444 tioni,
418 3369 541 3429 lectioni
560 3375 702 3429 vacarent
723 3376 753 3429 et
772 3377 843 3447 post
863 3376 908 3430 tot
927 3370 1095 3431 laboriosae
1112 3371 1190 3432 vitae

300 3488 397 3530 annos
418 3470 519 3529 vivere
541 3470 658 3530 demum
679 3469 727 3529 vel
749 3470 860 3532 scirent
879 3471 929 3532 vel
948 3472 1105 3534 discerent.
1136 3471 1189 3532 Vi-

300 3569 393 3629 debar
413 3570 484 3629 milri
498 3571 556 3630 hoc
572 3571 691 3645 debere,
714 3572 843 3634 emeritis
856 3573 918 3649 jam
935 3570 1098 3650 stipendiis,
1120 3593 1192 3652 pro-
