3025 4409
447 421 547 481 Obitus
563 421 676 480 Wensil.
710 423 883 506 conteratur
901 423 1021 482 occasio.
1076 447 1077 452 ¹
1122 431 1183 498 m

279 583 346 646 sive
366 581 451 664 quod
473 578 593 643 solenni
612 580 821 660 parentetioue
841 580 968 646 virtutes
987 583 1046 648 viri
1066 583 1181 648 iucom-

277 682 430 765 parabiles
451 681 559 764 exequi
580 680 612 744 in
624 681 756 744 auimum
769 681 883 759 induxi,
904 683 993 766 plura
1008 685 1057 748 hio
1070 686 1182 750 addere

277 785 478 866 supersedeo.
532 782 574 845 At
604 802 686 845 nune
716 790 802 848 actus
833 769 905 850 miei
931 785 1107 850 referendus
1136 793 1182 852 est

272 889 340 968 jam
362 887 413 949 diu
429 885 530 948 animo
545 903 614 951 meo
631 885 779 964 rejectus,
801 907 883 950 nuno
901 888 1020 952 demum
1035 908 1110 952 vero
1124 889 1181 956 lieo

278 989 388 1051 aetatis
416 995 447 1050 et
476 988 586 1053 virium
608 988 696 1066 juxta
721 994 812 1070 atque
839 990 952 1071 ingenii
977 989 1179 1068 inclinatione,

277 1096 480 1172 praepostere
504 1088 622 1170 utique,
655 1091 709 1152 sed
729 1097 831 1154 tamen
850 1092 1011 1154 amicarum
1031 1092 1181 1162 rationum

278 1191 481 1275 persuasione
507 1198 676 1273 susceptus.
709 1193 789 1255 Veni
809 1193 975 1277 'lubiugam
995 1196 1025 1259 tl.
1038 1194 1127 1275 Aue,
1147 1200 1182 1260 ut

278 1293 469 1378 pupillorum
488 1293 606 1356 sororis
625 1294 758 1377 Reginae
779 1294 890 1358 reculis
911 1301 1045 1360 tutorum
1056 1295 1183 1378 perfidia

280 1397 397 1460 eversis
424 1414 643 1460 succurrerem.
691 1395 747 1458 llic
768 1395 917 1461 Melchior
936 1398 1057 1462 Nicolai
1075 1398 1182 1464 acade-

279 1499 360 1562 miae
379 1497 649 1580 procaueellarius‚
675 1497 836 1579 theologus
864 1519 923 1581 qua
944 1501 1049 1564 calami
1067 1500 1183 1579 vigere,

282 1621 346 1684 qua
365 1600 446 1662 vitea
465 1600 638 1662 innocemis
659 1619 676 1660 e
695 1599 811 1679 paucis,
833 1600 906 1662 nilsil
926 1601 986 1663 tale
1003 1601 1183 1682 cogitantem

281 1703 431 1776 adoritur,
455 1708 486 1765 et
504 1708 539 1764 ut
558 1701 641 1764 ultro
662 1700 797 1764 oblatum
817 1700 952 1764 doctoris
971 1702 1107 1784 theokagi
1124 1723 1182 1770 aas

280 1825 353 1868 meu
370 1821 564 1882 assumerem,
579 1803 718 1865 adductis
732 1803 764 1864 iu
777 1803 909 1866 madium
920 1803 1096 1881 redonibus,
1108 1824 1182 1870 cou-

282 1907 395 1985 tendit‚
422 1905 612 1988 obtinuitque
631 1911 667 1967 ut
686 1925 805 1968 meeum
825 1905 890 1986 ipse
911 1906 1025 1991 lise-de
1045 1925 1080 1970 ra
1101 1906 1183 1974 dont

281 2009 492 2072 deliberarem.
527 2007 620 2085 Quod
637 2027 706 2070 cum
726 2007 758 2068 iu
779 2012 1072 2090 utramquepartem
1090 2007 1182 2074 libra-

283 2131 359 2189 ram,
373 2110 494 2172 taudem
507 2110 551 2172 sic
563 2109 662 2185 statui,
674 2108 747 2170 nihil
760 2108 827 2172 iore
836 2110 874 2170 ad
883 2109 1077 2190 jugulandam
1095 2110 1182 2174 ema

282 2233 355 2277 uem
368 2209 583 2292 testeam),
595 2231 672 2294 quae
690 2230 739 2272 me
753 2211 912 2290 superiore
922 2231 1001 2274 anuo
1013 2212 1070 2276 sub
1086 2211 1183 2278 auem

283 2315 366 2397 pelle
390 2314 567 2394 impetiisset
586 2313 731 2397 virusque
751 2333 840 2375 suum
860 2333 916 2394 par
937 2313 1099 2395 complices
1119 2333 1183 2378 uou

283 2417 361 2479 citra
386 2435 498 2478 noxam
518 2415 760 2493 disseminasset,
787 2416 991 2496 praesentius,
1021 2435 1109 2499 quam
1131 2435 1182 2478 so-

284 2519 370 2580 lenni
397 2518 456 2578 hoc
482 2516 654 2580 testimonio
680 2517 883 2580 innocentiam
916 2523 947 2580 et
973 2517 1183 2580 orthodoxiam

285 2619 355 2682 orbi
382 2618 544 2680 christiano
570 2618 710 2699 probare.
759 2617 818 2680 Cui
842 2639 911 2680 cum
931 2619 1075 2701 principis
1096 2619 1184 2684 etiam

284 2722 352 2784 heri
371 2720 531 2785 facillimus
553 2740 721 2783 consensus
749 2726 781 2782 et
805 2719 969 2782 amicorum
996 2720 1108 2784 stimuli
1133 2741 1184 2784 ac-

285 2823 451 2887 cessissent
472 2822 629 2905 literisque
653 2822 717 2884 suis
736 2823 775 2883 D.
793 2820 912 2884 Nicolai
933 2821 1033 2884 denuo
1054 2821 1185 2896 mimam

287 2932 349 3003 set,
381 2925 451 2986 dedi
479 2923 574 2986 victas
599 2943 719 3002 manus,
755 2943 791 2985 ac
816 2924 1036 3005 propemodum
1066 2925 1184 3006 pudens

287 3027 418 3090 alienum
445 3026 483 3087 de
510 3044 560 3086 me
581 3025 728 3104 J’udicium
754 3025 870 3091 admisi.
923 3025 1025 3090 Placet
1049 3047 1123 3089 vero
1156 3032 1185 3090 et

286 3126 408 3192 Nicolai
431 3127 529 3208 ipsius
547 3127 667 3203 literas,
695 3134 726 3189 et
749 3146 846 3205 meas,
872 3127 982 3209 quibus
1002 3129 1186 3198 honorandis

289 3231 366 3300 mois
387 3229 514 3312 oolleqis
538 3230 658 3294 coumlii
680 3229 741 3292 mei
766 3227 899 3292 rationes
920 3229 1002 3292 bona
1021 3231 1081 3296 lade
1102 3250 1184 3294 eom.

289 3333 454 3404 manicavi,
472 3331 623 3410 inemerm
645 3351 723 3414 quaa
742 3331 811 3393 illae
832 3331 876 3394 sie
896 3333 1019 3401 habente

331 3435 502 3499 Admodum
522 3434 688 3498 reverende
710 3439 741 3496 et
752 3433 991 3514 praeclarissime
1012 3433 1067 3512 vir,
1089 3431 1183 3496 amice

294 3545 324 3600 et
344 3538 436 3600 irater
455 3535 487 3598 iu
508 3535 631 3599 Christo
651 3535 841 3600 honoranda!
