3025 4409
330 496 393 556 236
599 489 680 544 Liber
697 489 740 543 Vl.
775 489 957 546 luta-1649.

331 648 444 726 potitus
464 653 511 708 est
530 647 761 725 Liizelburgius‚
792 648 963 725 flagrantem
990 647 1112 725 gratiam
1133 647 1222 706 Miiu-

332 747 466 826 cbingius
485 747 584 808 denuo
602 747 743 808 fundavit.
779 749 909 828 Principi
920 749 1049 810 Johanni
1065 749 1222 808 Friderico

332 869 449 910 morum
477 849 617 926 magister
642 848 813 908 Fridericus
832 849 1032 910 Bercbtoldus
1059 849 1145 910 datus
1167 855 1221 908 est.

332 948 474 1028 Hospites
501 947 588 1008 nobis
616 947 746 1008 illustres
776 950 858 1010 luere
880 971 947 1010 oum
967 951 1073 1009 dohan.
1091 948 1222 1008 Frideri-

332 1069 385 1110 cus
407 1067 508 1110 comes
525 1048 739 1125 Ebersteinius‚
763 1050 912 1128 Georgius
932 1043 1102 1110 Fridericus
1125 1047 1222 1108 eldo-

331 1169 424 1210 annes
450 1149 582 1210 Jacobus
605 1148 881 1227 Rupis-Spoletani
902 1151 1000 1229 reguli
1027 1149 1147 1223 fratrea,
1174 1148 1223 1208 hic

332 1250 474 1328 principis
495 1256 617 1308 nostrae
639 1249 784 1324 sororius,
807 1256 868 1309 tum
880 1250 929 1310 vel
943 1250 1076 1329 inprimis
1090 1248 1223 1327 Leopol-

333 1352 389 1412 dus
410 1349 580 1410 Fridericus
608 1358 637 1409 et
659 1349 808 1427 Georgius
829 1349 993 1410 Wiirtemb.
1016 1353 1132 1424 DuceS,
1163 1351 1223 1410 fra·

332 1459 408 1524 tres,
431 1451 545 1510 Ludov.
563 1450 644 1510 Frid.
662 1449 727 1523 filii,
751 1469 789 1508 ex
811 1450 918 1530 quibus
940 1451 1036 1526 major
1056 1450 1223 1511 Montisbe-

333 1550 439 1629 ligardi
466 1550 603 1611 dominus
630 1549 774 1628 Sibyllam
800 1558 933 1612 nostram
961 1550 1223 1630 incomparabilem

334 1650 485 1711 beroinam
507 1670 647 1729 sponsam
668 1649 725 1710 sibi
745 1650 849 1712 faustis
871 1651 1010 1730 auspiciis
1034 1651 1136 1730 elegit,
1166 1651 1221 1711 do-

332 1771 398 1812 mus
418 1750 672 1830 Wiirtembergiae
692 1751 851 1812 redunioni
872 1759 901 1812 et
922 1751 1074 1830 religionis
1095 1771 1223 1812 concor-

334 1852 399 1912 diae
416 1849 625 1913 insolubilibus
641 1851 822 1912 hauddubie
838 1846 1109 1930 profuturam²⁵⁴).
1145 1851 1222 1912 Cum

332 1953 377 2014 bis
399 1953 436 2013 ab
455 1951 537 2012 omni
554 1951 720 2012 eruditione
740 1958 770 2012 et
788 1971 888 2012 rerum
908 1972 965 2012 usu
986 1951 1222 2014 instructissimis

333 2052 517 2131 principibus
533 2050 675 2110 familiare
692 2052 761 2112 mibi
774 2053 956 2132 colloquium
970 2052 1062 2128 lulio,
1084 2053 1221 2132 Augusto

334 2163 364 2214 et
379 2153 506 2215 Octobri
523 2150 674 2227 mensibus
691 2171 753 2215 non
772 2153 863 2214 semel
873 2153 936 2213 luit.
963 2153 1051 2232 Foris
1066 2172 1139 2213 vero
1153 2153 1222 2231 Syl-

332 2255 400 2316 vius
408 2251 925 2330 NimrodprincepsMariamElisab.
934 2252 1037 2314 Caroli
1045 2254 1070 2313 F
1072 2253 1126 2314 rid.
1135 2254 1223 2314 llliin-

334 2352 573 2432 sterbergii²⁵⁵)
594 2348 688 2413 Ducis
709 2353 798 2414 filiam
821 2353 935 2414 unicam
957 2353 1087 2432 propitia
1103 2355 1224 2414 fortuna

334 2454 419 2514 duxit
439 2473 547 2532 resque
573 2471 643 2512 suas
659 2453 773 2530 pridem
794 2454 938 2514 arctiores
956 2473 1018 2514 non
1038 2473 1143 2532 parum
1161 2475 1222 2514 am-

333 2553 442 2632 pliavit
474 2555 560 2629 Quae
576 2552 687 2612 utinam
705 2564 782 2615 meta
797 2555 963 2616 studiorum
984 2562 1012 2616 et
1028 2555 1223 2616 consiliorum
1241 2607 1243 2613 .

334 2655 417 2716 tratri
436 2654 530 2732 ipsius
551 2652 657 2728 majori
674 2675 703 2728 p.
713 2655 866 2716 Roderico
887 2675 968 2716 nunc
986 2654 1096 2734 hospiti
1116 2661 1223 2716 nostro

332 2756 446 2832 luisset,
467 2775 524 2815 nee
543 2753 752 2834 inexplebilem
774 2754 853 2815 illam
871 2756 981 2836 ingenii
1000 2767 1029 2817 et
1040 2754 1146 2832 judicii
1163 2755 1224 2816 vim

334 2876 402 2918 eum
424 2874 570 2934 operosae
592 2854 785 2916 institutionis
801 2857 927 2932 jactura,
949 2856 1052 2918 nescio
1066 2856 1132 2936 quis
1142 2875 1225 2916 mor-

333 2956 390 3016 bns
410 2956 576 3034 turbasset,
602 2976 690 3036 quem
711 2957 817 3017 dolens
838 2976 939 3017 eoram
959 2960 1009 3018 27.
1027 2957 1135 3018 Octob.
1158 2978 1224 3018 sum

334 3055 467 3118 intuitus.
495 3055 610 3116 Natalis
622 3057 669 3116 bic
680 3076 775 3117 annus
788 3065 832 3118 est
846 3058 1023 3118 Harmoniae
1036 3059 1224 3138 evangelicae

334 3156 523 3236 Augustaeae
533 3158 649 3235 gemina
661 3159 756 3218 torma
769 3157 911 3237 singulari
926 3159 1072 3221 industria
1086 3160 1223 3222 Sternio-

335 3278 402 3319 rum
415 3257 691 3335 Lunebnrgensinm
706 3259 857 3337 eleganter
872 3279 1009 3335 excusae,
1025 3279 1101 3340 quae
1117 3260 1153 3319 ad
1166 3265 1223 3338 po*-

335 3359 496 3420 steritatem
511 3357 703 3420 ostentationi
723 3359 884 3439 aliquando
905 3359 969 3419 erit.
997 3359 1131 3439 Augusta
1148 3379 1223 3421 vero

334 3460 561 3522 vindelicorum
589 3459 663 3518 dura
689 3479 707 3517 a
735 3459 1037 3537 confoederatis²⁶⁶)
1066 3460 1224 3522 obsidione

335 3560 485 3622 difficilem
505 3558 621 3633 habuit,
649 3558 740 3636 alvei,
768 3562 818 3641 qui
838 3561 970 3641 pomeria
991 3563 1026 3622 ab
1053 3561 1128 3622 urbe
1150 3561 1224 3622 divi-
