3025 4409
326 508 391 569 ³0.
558 574 560 578 ἲ
599 502 683 557 crue
700 501 719 554 1.
754 499 941 557 ress-rur.

277 702 279 709 s
328 660 374 721 sit.
416 660 496 721 Dum
522 658 570 719 hic
596 678 730 720 essemus
758 658 878 737 patroni
908 656 992 718 urbis
1018 655 1142 718 Antonii
1161 657 1220 717 Pa-

328 759 432 837 duaui,
462 780 549 841 quem
572 762 713 821 Sanctum
740 768 867 839 vocant,
895 758 1036 820 encaenia
1061 756 1150 838 plane
1170 778 1220 819 re-

328 860 376 941 gia
397 860 547 923 celebrata
567 868 653 938 sunt,
680 860 775 923 multo
803 862 869 923 auri
888 861 1063 941 argentique
1084 861 1221 941 pondere

328 961 510 1025 circumlato.
565 962 724 1026 Certamen
761 965 849 1025 etiam
875 983 982 1025 cursus
1016 963 1163 1043 equestris
1192 967 1223 1023 et
1330 1005 1337 1016 ·

327 1066 475 1147 pedestris
499 1066 750 1143 jucundissimum
778 1064 948 1127 exhibitum.
991 1063 1136 1125 Palatium
1156 1064 1221 1125 sive

327 1168 511 1249 praetorium
537 1167 585 1227 hic
613 1167 739 1229 maxime
764 1167 922 1229 visendum
949 1172 1009 1243 est,
1042 1165 1157 1248 antiqui
1183 1185 1222 1227 ex

327 1290 476 1333 marmore
504 1268 613 1349 operis,
662 1268 740 1331 Cum
765 1268 827 1331 loci
847 1268 977 1329 taedium
999 1268 1145 1348 cepisset,
1167 1266 1223 1350 [se-

329 1372 408 1435 cessi
427 1370 593 1433 vicentiam
614 1370 667 1432 ubi
688 1371 827 1433 comitem
848 1369 958 1431 remisi.
999 1368 1065 1430 Nec
1084 1370 1133 1431 hic
1158 1374 1223 1431 erat

330 1495 385 1537 cur
411 1474 521 1535 diutius
556 1472 758 1535 subsisterem.
805 1472 900 1553 Igitur
929 1472 1082 1533 Veronam
1115 1472 1224 1533 diverti

330 1580 359 1638 9.
374 1576 462 1653 Julii,
492 1596 568 1656 quae
595 1574 693 1636 minus
716 1575 859 1654 strepitus
886 1593 974 1655 quam
995 1574 1148 1635 Patavium
1169 1575 1222 1634 ha-

328 1677 428 1755 beret,
451 1684 481 1737 et
500 1684 599 1738 tamen
620 1697 683 1739 nou
703 1678 802 1740 minus
829 1676 935 1740 studiis
963 1676 1077 1737 faveret
1103 1683 1133 1737 et
1153 1676 1223 1756 pln-

329 1779 437 1841 rimum
458 1780 617 1840 conferret.
665 1778 744 1840 Urbs
765 1778 866 1840 itidem
887 1777 1009 1859 antiqua
1029 1784 1060 1838 et
1080 1779 1221 1858 spatiosa,

329 1901 365 1942 ac
390 1880 421 1941 in
447 1882 581 1961 hospites
602 1880 824 1961 propemodum
843 1900 1000 1959 germanae
1023 1880 1223 1945 humanitatis.

329 1982 386 2042 llic
407 1982 611 2061 amphitheatri
637 1983 762 2059 molem,
794 2003 883 2063 quam
910 2002 992 2043 nunc
1019 2000 1139 2043 arenam
1165 2002 1222 2044 vo-

331 2090 412 2158 cant,
446 2103 508 2144 non
538 2084 602 2145 sine
628 2091 753 2163 stupore
782 2104 872 2163 saepe
899 2083 1118 2163 contemplatus
1145 2104 1221 2147 sum.

331 2184 411 2245 Sunt
432 2184 519 2245 ctiam
541 2183 765 2263 Scaligerorum
785 2183 966 2261 mausolaea,
993 2204 1070 2265 quae
1092 2184 1221 2247 subdio

330 2283 482 2359 visuntur,
509 2292 675 2346 memoratu
697 2286 794 2365 digua.
837 2286 960 2348 Verona
980 2305 1036 2365 per
1057 2287 1221 2369 dispositos

333 2404 428 2465 equos
456 2385 582 2445 Romam
610 2386 660 2445 20.
678 2386 751 2447 Julii
776 2387 913 2464 excurri,
947 2407 987 2449 ne
1013 2388 1096 2451 orbis
1123 2410 1222 2473 quon·

332 2486 409 2563 dam,
430 2505 511 2547 nuuc
528 2484 677 2546 scelerum
698 2496 789 2567 caput
804 2489 908 2551 videre
923 2491 1115 2572 negligerem.
1159 2493 1222 2554 Sed

330 2587 434 2668 paucis
455 2587 560 2649 diebus
587 2587 700 2667 ingenti
720 2597 807 2651 aestu
826 2591 983 2672 repulsus,
1016 2593 1121 2655 eadem
1141 2592 1222 2654 cele-

329 2690 416 2751 ritate
442 2690 566 2752 recurri.
617 2690 699 2767 Quid
725 2690 768 2752 ibi
792 2693 944 2771 videatur,
971 2693 1054 2774 pleni
1078 2693 1150 2755 libri
1174 2694 1223 2756 lo·

331 2798 476 2873 quuntur‚
510 2798 540 2852 at
571 2810 618 2852 me
645 2795 708 2871 jam
733 2800 779 2855 tot
806 2796 1047 2876 spectaculorum
1071 2795 1223 2859 fastidium

329 2897 419 2953 tenet.
468 2891 541 2953 lude
561 2892 669 2955 morbo
691 2894 802 2973 febrili,
831 2898 883 2979 qui
903 2898 992 2960 etiam
1012 2898 1132 2960 Paduae
1152 2896 1221 2978 pnl-

329 2998 461 3069 saverat,
489 2993 543 3054 sed
569 2994 684 3057 inediae
710 2997 781 3058 mihi
809 2998 939 3061 indictae
960 3006 1107 3079 cesserat,
1132 3000 1223 3061 terri-

328 3100 390 3171 tus,
412 3094 450 3155 ad
470 3094 598 3157 reditum
618 3096 649 3159 in
669 3098 795 3178 patriam
815 3101 946 3163 animum
967 3102 1085 3181 appuli,
1116 3107 1146 3163 et
1166 3120 1223 3181 per

329 3195 518 3271 Tridentum,
540 3197 687 3275 Brixiam,
718 3200 921 3281 Oenipontem
947 3208 977 3264 et
997 3204 1221 3284 Landspergarn

327 3296 490 3377 Augustam
511 3296 738 3361 Vindelicorum
757 3303 853 3383 attigi,
881 3303 935 3366 ubi
954 3305 1038 3368 velut
1063 3306 1095 3366 in
1116 3304 1222 3367 umbra

326 3404 398 3476 post
417 3396 567 3477 ingentem
588 3400 719 3463 calorem
741 3404 944 3469 canicularum
965 3407 1137 3490 conquievi.
1164 3406 1221 3468 Est

329 3516 364 3557 ea
390 3497 463 3560 urbs
490 3498 636 3578 genuinae
662 3502 850 3567 humanitatis
885 3512 915 3568 et
943 3509 1084 3589 religioni
1114 3508 1219 3570 admo-

328 3596 398 3661 dum
427 3597 540 3678 dedita,
568 3599 620 3663 nbi
646 3600 788 3665 Wemeri
813 3607 934 3671 Senteri
961 3596 1116 3692 quondam
1141 3608 1218 3689 reip.
