3025 4409
543 504 696 559 Incendium
714 502 902 573 vaihingense.
1127 514 1167 573 57

279 664 405 745 demque
426 680 464 723 ex
484 667 529 721 tot
545 660 662 740 pabulis
680 674 859 743 perpetuum
877 662 1055 738 alimentum,
1078 683 1167 744 quarn

278 766 387 825 civium
415 761 617 824 consternatio
651 770 679 822 ct
714 762 916 824 auxiliantium
943 762 1020 823 inter
1049 763 1167 826 calores

279 874 308 925 et
329 864 441 944 frigora
462 862 595 941 fatigatio
621 864 736 925 cunetis
757 883 854 943 prope
875 863 1068 938 excitaverat,
1098 885 1166 925 oum

278 967 363 1026 Deus
384 963 534 1044 potentiae
556 982 627 1024 suae
649 972 678 1024 et
701 964 863 1043 sapientiae
878 966 994 1026 illustre
1016 966 1167 1045 specimen

280 1066 368 1126 solita
393 1063 597 1126 misericordia
624 1064 723 1125 edidit.
771 1065 917 1127 Martinus
943 1066 1089 1145 lippliuus
1120 1066 1168 1127 vir

279 1167 430 1246 quondam
468 1165 649 1241 consularis,
691 1165 782 1226 aedes
817 1186 886 1227 suas
924 1186 998 1248 quas
1036 1167 1066 1227 in
1099 1168 1169 1230 t'oro

280 1272 470 1344 sumptuosas
494 1264 681 1346 possidebat,
715 1285 796 1327 anno
823 1267 903 1329 157⁰
934 1269 1073 1330 incendio
1100 1289 1167 1331 cum

279 1364 427 1445 aliquibus
448 1366 513 1427 aliis
533 1367 711 1448 perdiderat.
742 1368 801 1429 Eas
823 1389 890 1428 cum
905 1375 1094 1445 restauraret,
1114 1390 1168 1449 pe-

280 1466 367 1527 riculi
392 1486 520 1543 memor,
547 1487 633 1529 muro
661 1486 677 1527 e
703 1488 781 1546 puro
802 1468 901 1549 lapide
921 1468 959 1529 ad
979 1470 1094 1549 tegulas
1115 1491 1168 1533 us·

280 1588 349 1648 que,
366 1568 532 1629 sufficiente
549 1568 693 1629 densitate
710 1569 810 1630 vestiit
831 1590 899 1630 cum
917 1569 1056 1631 dicterio:
1078 1572 1168 1647 velle,

280 1668 307 1730 si
327 1670 452 1747 posthac
471 1669 547 1748 ignis
568 1669 698 1744 accedat,
720 1668 844 1745 civibus,
865 1691 905 1731 ue
915 1678 1028 1749 pergat,
1050 1690 1166 1732 cavere,

280 1769 313 1829 ld
342 1770 404 1831 sive
431 1770 599 1831 ominosum
623 1769 677 1831 luit
708 1768 772 1829 sive
801 1769 1013 1849 gloriosulunr,
1047 1772 1170 1833 salubre

281 1870 417 1951 equidem
444 1890 525 1931 nunc
551 1870 614 1931 luit.
656 1869 732 1929 Nam
758 1889 826 1930 cum
847 1871 908 1946 jam
935 1870 1050 1931 vicinae
1076 1875 1167 1934 aedas

281 1991 386 2033 omues
402 1971 587 2033 corruissent
608 1976 638 2031 et
650 1971 790 2031 horreum
805 1969 895 2049 plaue
908 1969 1080 2048 contiguum
1093 1992 1167 2033 cou-

279 2073 431 2151 flagraret,
463 2071 610 2133 Melchior
637 2070 765 2131 Wiidius
794 2071 873 2149 juris
896 2070 1081 2147 candidatus,
1114 2072 1169 2133 bas

275 2174 339 2251 jam
358 2192 427 2235 suas
441 2174 530 2234 aedes
547 2172 746 2252 imperterrito
757 2172 855 2233 auimo
871 2172 1031 2233 deiendere
1046 2190 1167 2250 aggres-

281 2292 335 2335 sus
361 2274 412 2365 vix
437 2273 555 2335 taudem
579 2274 746 2335 incredibili
768 2272 902 2335 subsidio
923 2272 1034 2348 effecit,
1059 2280 1094 2333 ut
1113 2292 1165 2334 su-

279 2374 380 2454 perari
406 2392 497 2453 posse
529 2381 588 2434 tam
619 2374 747 2437 invictus
774 2374 868 2435 hostis
898 2373 994 2434 videri
1023 2373 1166 2453 coeperit

280 2475 367 2535 Unde
393 2474 511 2535 animati
531 2474 704 2551 auxiliares,
731 2475 762 2535 in
788 2474 893 2535 mediis
913 2473 1037 2534 flammis
1056 2474 1169 2535 Vulca-

280 2596 353 2637 num
384 2575 462 2636 haud
493 2574 689 2653 profligavere
722 2574 856 2656 quidem,
889 2575 942 2636 sed
969 2574 1087 2653 fregere
1113 2575 1168 2635 ali-

280 2680 425 2757 quantum
453 2682 482 2735 et
501 2675 578 2735 muri
604 2673 698 2735 robur
717 2674 801 2735 ivere
821 2675 967 2752 adjutum,
997 2675 1077 2734 unde
1098 2682 1169 2754 post

281 2776 454 2837 diuturnum
490 2776 660 2837 condictum
697 2776 836 2836 horreum
868 2773 999 2835 concidit
1036 2781 1067 2835 et
1097 2794 1169 2854 spes
1215 2788 1227 2804 ⁴

280 2876 380 2956 aliqua
399 2874 542 2936 victoriae
566 2876 621 2936 hac
646 2882 731 2955 parte
751 2874 930 2936 obtinendae
951 2873 1068 2935 effulsit
1113 2874 1167 2934 Al-

281 2986 345 3040 tera
372 2983 455 3057 parte
481 2977 649 3055 granarium
675 2975 745 3052 (sub
767 2993 827 3055 quo
856 2983 886 3036 et
906 2974 982 3035 cella
1014 2974 1169 3036 servandis

283 3078 376 3139 saeris
411 3076 554 3137 reditibus
587 3075 746 3151 destinata)
782 3075 879 3154 ignem
915 3080 1095 3154 conceperat
1131 3094 1168 3135 ac

279 3180 355 3255 jam,
382 3183 530 3257 quotquot
550 3177 683 3238 subsidio
704 3176 891 3252 advolarunt,
918 3174 1099 3238 intolerabili
1118 3196 1167 3235 ar-

284 3278 358 3339 dore
377 3276 525 3356 abegerat.
563 3278 624 3355 Sed
645 3296 712 3337 curn
733 3284 763 3337 ct
779 3277 817 3336 ad
837 3278 895 3337 hoc
916 3276 1094 3363 servandum
1112 3276 1167 3335 ali-

285 3385 357 3459 quot
378 3378 491 3439 cordati
519 3398 552 3439 se
574 3379 673 3439 denuo
692 3378 883 3451 animasseut‚
904 3398 940 3437 ac
961 3377 1091 3438 minores
1111 3375 1167 3436 ali-

284 3487 357 3559 quot
384 3480 472 3541 aedes
500 3479 608 3559 paratis
636 3480 673 3538 ad
699 3479 728 3538 id
755 3477 840 3539 runcis
866 3478 971 3539 terreis
1002 3478 1167 3554 dejiceren-

283 3588 347 3654 tur,
377 3580 510 3657 permisit
537 3580 637 3659 utique
659 3582 740 3641 Deus
769 3580 816 3640 lric
836 3599 956 3659 quoque
983 3577 1168 3637 miseriarum
