<?xml version="1.0" encoding="UTF-8"?>
<!DOCTYPE html PUBLIC "-//W3C//DTD XHTML 1.0 Transitional//EN"
    "http://www.w3.org/TR/xhtml1/DTD/xhtml1-transitional.dtd">
<html xmlns="http://www.w3.org/1999/xhtml" xml:lang="en" lang="en">
 <head>
  <title>
</title>
<meta http-equiv="Content-Type" content="text/html;charset=utf-8" />
  <meta name='ocr-system' content='tesseract 3.04.00' />
  <meta name='ocr-capabilities' content='ocr_page ocr_carea ocr_par ocr_line ocrx_word'/>
</head>
<body>
  <div class='ocr_page' id='page_1' title='image "./ioannisvalentin00andrgoog_0045.png"; bbox 0 0 3025 4409; ppageno 0'>
   <div class='ocr_carea' id='block_1_1' title="bbox 513 501 1176 573">
    <p class='ocr_par' dir='ltr' id='par_1_1' title="bbox 513 501 1176 573">
     <span class='ocr_line' id='line_1_1' title="bbox 513 501 1176 573; baseline 0.003 -17"><span class='ocrx_word' id='word_1_1' title='bbox 513 502 569 557; x_wconf 86' lang='lat' dir='ltr'>lter</span> <span class='ocrx_word' id='word_1_2' title='bbox 584 501 612 557; x_wconf 86' lang='lat' dir='ltr'>in</span> <span class='ocrx_word' id='word_1_3' title='bbox 629 501 768 557; x_wconf 83' lang='lat' dir='ltr'>Austriam</span> <span class='ocrx_word' id='word_1_4' title='bbox 785 507 814 556; x_wconf 89' lang='lat' dir='ltr'>et</span> <span class='ocrx_word' id='word_1_5' title='bbox 828 501 943 559; x_wconf 78' lang='lat' dir='ltr'>ltaliam.</span> <span class='ocrx_word' id='word_1_6' title='bbox 1135 512 1176 573; x_wconf 67' lang='lat'>35</span> 
     </span>
    </p>
   </div>
   <div class='ocr_carea' id='block_1_2' title="bbox 279 660 1177 945">
    <p class='ocr_par' dir='ltr' id='par_1_2' title="bbox 279 660 1177 945">
     <span class='ocr_line' id='line_1_2' title="bbox 279 660 1176 742; baseline 0.004 -21"><span class='ocrx_word' id='word_1_7' title='bbox 279 660 405 736; x_wconf 79' lang='lat' dir='ltr'>addidit,</span> <span class='ocrx_word' id='word_1_8' title='bbox 437 660 561 740; x_wconf 92' lang='lat' dir='ltr'>insuper</span> <span class='ocrx_word' id='word_1_9' title='bbox 588 660 625 721; x_wconf 90' lang='lat' dir='ltr'>de</span> <span class='ocrx_word' id='word_1_10' title='bbox 646 661 755 722; x_wconf 82' lang='lat' dir='ltr'>comite</span> <span class='ocrx_word' id='word_1_11' title='bbox 774 661 844 722; x_wconf 77' lang='lat' dir='ltr'>dola.</span> <span class='ocrx_word' id='word_1_12' title='bbox 865 662 1000 721; x_wconf 85' lang='lat' dir='ltr'>Erhardo</span> <span class='ocrx_word' id='word_1_13' title='bbox 1020 662 1176 742; x_wconf 77' lang='lat' dir='ltr'>stengelio</span> 
     </span>
     <span class='ocr_line' id='line_1_3' title="bbox 279 760 1177 844; baseline 0.007 -23"><span class='ocrx_word' id='word_1_14' title='bbox 279 760 477 824; x_wconf 85' lang='lat' dir='ltr'>aWalenlels</span> <span class='ocrx_word' id='word_1_15' title='bbox 495 763 707 844; x_wconf 78' lang='lat' dir='ltr'><strong>circumspexit</strong></span> <span class='ocrx_word' id='word_1_16' title='bbox 728 769 757 823; x_wconf 92' lang='lat' dir='ltr'>et</span> <span class='ocrx_word' id='word_1_17' title='bbox 769 761 933 823; x_wconf 80' lang='lat' dir='ltr'>liberaliter</span> <span class='ocrx_word' id='word_1_18' title='bbox 954 761 1073 825; x_wconf 89' lang='lat' dir='ltr'>dimisit.</span> <span class='ocrx_word' id='word_1_19' title='bbox 1103 765 1177 827; x_wconf 85' lang='lat' dir='ltr'>Erat</span> 
     </span>
     <span class='ocr_line' id='line_1_4' title="bbox 279 863 1175 945; baseline 0.002 -21"><span class='ocrx_word' id='word_1_20' title='bbox 279 870 342 925; x_wconf 90' lang='lat' dir='ltr'>tum</span> <span class='ocrx_word' id='word_1_21' title='bbox 361 864 421 943; x_wconf 89' lang='lat' dir='ltr'>ipsi</span> <span class='ocrx_word' id='word_1_22' title='bbox 441 864 553 927; x_wconf 89' lang='lat' dir='ltr'>filiolus</span> <span class='ocrx_word' id='word_1_23' title='bbox 574 865 792 945; x_wconf 83' lang='lat' dir='ltr'>primogenitus</span> <span class='ocrx_word' id='word_1_24' title='bbox 802 863 985 925; x_wconf 79' lang='lat' dir='ltr'>Elrrenreich</span> <span class='ocrx_word' id='word_1_25' title='bbox 1006 864 1175 944; x_wconf 78' lang='lat' dir='ltr'>festinae*)</span> 
     </span>
    </p>
   </div>
   <div class='ocr_carea' id='block_1_3' title="bbox 188 966 1177 1047">
    <p class='ocr_par' dir='ltr' id='par_1_3' title="bbox 188 966 1177 1047">
     <span class='ocr_line' id='line_1_5' title="bbox 188 966 1177 1047; baseline 0.003 -20"><span class='ocrx_word' id='word_1_26' title='bbox 188 1008 191 1017; x_wconf 90' lang='lat'><em>.</em></span> <span class='ocrx_word' id='word_1_27' title='bbox 280 966 405 1044; x_wconf 91' lang='lat' dir='ltr'>indolis,</span> <span class='ocrx_word' id='word_1_28' title='bbox 431 986 501 1029; x_wconf 87' lang='lat' dir='ltr'>cum</span> <span class='ocrx_word' id='word_1_29' title='bbox 526 966 628 1047; x_wconf 88' lang='lat' dir='ltr'>puella</span> <span class='ocrx_word' id='word_1_30' title='bbox 655 967 687 1027; x_wconf 88' lang='lat' dir='ltr'>iu</span> <span class='ocrx_word' id='word_1_31' title='bbox 715 966 816 1042; x_wconf 91' lang='lat' dir='ltr'>cunis,</span> <span class='ocrx_word' id='word_1_32' title='bbox 849 966 887 1026; x_wconf 93' lang='lat' dir='ltr'>de</span> <span class='ocrx_word' id='word_1_33' title='bbox 915 986 976 1047; x_wconf 86' lang='lat' dir='ltr'>quo</span> <span class='ocrx_word' id='word_1_34' title='bbox 1003 966 1042 1027; x_wconf 90' lang='lat' dir='ltr'>ad</span> <span class='ocrx_word' id='word_1_35' title='bbox 1066 987 1177 1030; x_wconf 86' lang='lat' dir='ltr'>annum</span> 
     </span>
    </p>
   </div>
   <div class='ocr_carea' id='block_1_4' title="bbox 278 1066 1177 3395">
    <p class='ocr_par' dir='ltr' id='par_1_4' title="bbox 278 1066 1177 3395">
     <span class='ocr_line' id='line_1_6' title="bbox 280 1066 1176 1149; baseline 0.002 -20"><span class='ocrx_word' id='word_1_36' title='bbox 280 1070 362 1132; x_wconf 82' lang='grc'><strong>1619</strong></span> <span class='ocrx_word' id='word_1_37' title='bbox 390 1068 527 1149; x_wconf 87' lang='lat' dir='ltr'>amplius.</span> <span class='ocrx_word' id='word_1_38' title='bbox 576 1068 699 1148; x_wconf 85' lang='lat' dir='ltr'>Egressi</span> <span class='ocrx_word' id='word_1_39' title='bbox 727 1069 833 1129; x_wconf 89' lang='lat' dir='ltr'>Lincio</span> <span class='ocrx_word' id='word_1_40' title='bbox 860 1068 910 1129; x_wconf 80' lang='lat'>27.</span> <span class='ocrx_word' id='word_1_41' title='bbox 921 1066 1018 1148; x_wconf 87' lang='lat' dir='ltr'>April.</span> <span class='ocrx_word' id='word_1_42' title='bbox 1039 1088 1095 1148; x_wconf 92' lang='lat' dir='ltr'>per</span> <span class='ocrx_word' id='word_1_43' title='bbox 1116 1068 1176 1131; x_wconf 83' lang='lat' dir='ltr'>Oa·</span> 
     </span>
     <span class='ocr_line' id='line_1_7' title="bbox 280 1164 1176 1245; baseline 0.003 -14"><span class='ocrx_word' id='word_1_44' title='bbox 280 1170 417 1231; x_wconf 87' lang='lat' dir='ltr'>rinthiam</span> <span class='ocrx_word' id='word_1_45' title='bbox 444 1170 580 1231; x_wconf 88' lang='lat' dir='ltr'>venimus</span> <span class='ocrx_word' id='word_1_46' title='bbox 609 1172 659 1231; x_wconf 82' lang='lat'>15.</span> <span class='ocrx_word' id='word_1_47' title='bbox 670 1164 742 1229; x_wconf 80' lang='lat' dir='ltr'>ltlaii</span> <span class='ocrx_word' id='word_1_48' title='bbox 763 1169 921 1245; x_wconf 88' lang='lat' dir='ltr'>Venetias,</span> <span class='ocrx_word' id='word_1_49' title='bbox 953 1168 1083 1233; x_wconf 89' lang='lat' dir='ltr'>molesto</span> <span class='ocrx_word' id='word_1_50' title='bbox 1105 1172 1176 1235; x_wconf 84' lang='lat' dir='ltr'>satis</span> 
     </span>
     <span class='ocr_line' id='line_1_8' title="bbox 282 1265 1176 1355; baseline 0.003 -22"><span class='ocrx_word' id='word_1_51' title='bbox 282 1272 322 1333; x_wconf 93' lang='lat' dir='ltr'>ob</span> <span class='ocrx_word' id='word_1_52' title='bbox 349 1273 521 1355; x_wconf 81' lang='lat' dir='ltr'>frequentes</span> <span class='ocrx_word' id='word_1_53' title='bbox 552 1272 685 1353; x_wconf 89' lang='lat' dir='ltr'>pluvias,</span> <span class='ocrx_word' id='word_1_54' title='bbox 720 1271 777 1334; x_wconf 92' lang='lat' dir='ltr'>sed</span> <span class='ocrx_word' id='word_1_55' title='bbox 804 1278 834 1332; x_wconf 90' lang='lat' dir='ltr'>et</span> <span class='ocrx_word' id='word_1_56' title='bbox 859 1265 1035 1351; x_wconf 84' lang='lat' dir='ltr'>periculoso</span> <span class='ocrx_word' id='word_1_57' title='bbox 1059 1273 1176 1336; x_wconf 88' lang='lat' dir='ltr'>itinere.</span> 
     </span>
     <span class='ocr_line' id='line_1_9' title="bbox 280 1374 1177 1455; baseline 0.002 -19"><span class='ocrx_word' id='word_1_58' title='bbox 280 1374 357 1436; x_wconf 87' lang='lat' dir='ltr'>Nem</span> <span class='ocrx_word' id='word_1_59' title='bbox 379 1377 460 1437; x_wconf 88' lang='lat' dir='ltr'>eirea</span> <span class='ocrx_word' id='word_1_60' title='bbox 482 1375 709 1455; x_wconf 85' lang='lat' dir='ltr'>Clagenfurtum</span> <span class='ocrx_word' id='word_1_61' title='bbox 736 1374 840 1437; x_wconf 86' lang='lat' dir='ltr'>nobile</span> <span class='ocrx_word' id='word_1_62' title='bbox 860 1374 1005 1454; x_wconf 90' lang='lat' dir='ltr'>oppidum</span> <span class='ocrx_word' id='word_1_63' title='bbox 1032 1380 1063 1436; x_wconf 89' lang='lat' dir='ltr'>et</span> <span class='ocrx_word' id='word_1_64' title='bbox 1082 1374 1177 1438; x_wconf 80' lang='lat' dir='ltr'>Villa-</span> 
     </span>
     <span class='ocr_line' id='line_1_10' title="bbox 282 1476 1176 1559; baseline 0.003 -20"><span class='ocrx_word' id='word_1_65' title='bbox 282 1498 350 1539; x_wconf 88' lang='lat' dir='ltr'>eum</span> <span class='ocrx_word' id='word_1_66' title='bbox 371 1499 388 1539; x_wconf 88' lang='lat' dir='ltr'>a</span> <span class='ocrx_word' id='word_1_67' title='bbox 410 1476 614 1559; x_wconf 82' lang='lat' dir='ltr'>praedonibus</span> <span class='ocrx_word' id='word_1_68' title='bbox 636 1496 713 1558; x_wconf 86' lang='lat' dir='ltr'>quos</span> <span class='ocrx_word' id='word_1_69' title='bbox 733 1478 881 1539; x_wconf 87' lang='lat' dir='ltr'>Banditos</span> <span class='ocrx_word' id='word_1_70' title='bbox 902 1483 1021 1555; x_wconf 85' lang='lat' dir='ltr'>vocant,</span> <span class='ocrx_word' id='word_1_71' title='bbox 1048 1480 1176 1541; x_wconf 85' lang='lat' dir='ltr'>circum-</span> 
     </span>
     <span class='ocr_line' id='line_1_11' title="bbox 281 1579 1176 1661; baseline 0.006 -21"><span class='ocrx_word' id='word_1_72' title='bbox 281 1580 353 1656; x_wconf 87' lang='lat' dir='ltr'>acti,</span> <span class='ocrx_word' id='word_1_73' title='bbox 383 1579 508 1642; x_wconf 90' lang='lat' dir='ltr'>multum</span> <span class='ocrx_word' id='word_1_74' title='bbox 538 1579 684 1659; x_wconf 90' lang='lat' dir='ltr'>temporis</span> <span class='ocrx_word' id='word_1_75' title='bbox 715 1586 745 1641; x_wconf 88' lang='lat' dir='ltr'>et</span> <span class='ocrx_word' id='word_1_76' title='bbox 776 1588 947 1661; x_wconf 86' lang='lat' dir='ltr'>sumptuum</span> <span class='ocrx_word' id='word_1_77' title='bbox 981 1581 1176 1661; x_wconf 88' lang='lat' dir='ltr'>perdidimus,</span> 
     </span>
     <span class='ocr_line' id='line_1_12' title="bbox 282 1682 1176 1761; baseline 0.004 -19"><span class='ocrx_word' id='word_1_78' title='bbox 282 1682 379 1743; x_wconf 90' lang='lat' dir='ltr'>donec</span> <span class='ocrx_word' id='word_1_79' title='bbox 400 1700 455 1761; x_wconf 88' lang='lat' dir='ltr'>per</span> <span class='ocrx_word' id='word_1_80' title='bbox 483 1682 630 1743; x_wconf 90' lang='lat' dir='ltr'>montium</span> <span class='ocrx_word' id='word_1_81' title='bbox 654 1682 806 1761; x_wconf 84' lang='lat' dir='ltr'>angustias</span> <span class='ocrx_word' id='word_1_82' title='bbox 833 1683 897 1745; x_wconf 84' lang='lat' dir='ltr'>sive</span> <span class='ocrx_word' id='word_1_83' title='bbox 925 1684 1081 1746; x_wconf 86' lang='lat' dir='ltr'>clausuras</span> <span class='ocrx_word' id='word_1_84' title='bbox 1102 1686 1176 1746; x_wconf 88' lang='lat' dir='ltr'>&#39;lre-</span> 
     </span>
     <span class='ocr_line' id='line_1_13' title="bbox 281 1783 1177 1865; baseline 0.001 -20"><span class='ocrx_word' id='word_1_85' title='bbox 281 1783 388 1845; x_wconf 86' lang='lat' dir='ltr'>visium</span> <span class='ocrx_word' id='word_1_86' title='bbox 409 1790 644 1864; x_wconf 87' lang='lat' dir='ltr'>penetraremus.</span> <span class='ocrx_word' id='word_1_87' title='bbox 688 1783 823 1844; x_wconf 89' lang='lat' dir='ltr'>Venetiis</span> <span class='ocrx_word' id='word_1_88' title='bbox 845 1804 920 1865; x_wconf 90' lang='lat' dir='ltr'>quas</span> <span class='ocrx_word' id='word_1_89' title='bbox 941 1784 1177 1847; x_wconf 86' lang='lat' dir='ltr'>Microcosmum</span> 
     </span>
     <span class='ocr_line' id='line_1_14' title="bbox 282 1885 1176 1965; baseline 0.002 -20"><span class='ocrx_word' id='word_1_90' title='bbox 282 1886 368 1948; x_wconf 82' lang='lat' dir='ltr'>facile</span> <span class='ocrx_word' id='word_1_91' title='bbox 397 1886 523 1964; x_wconf 83' lang='lat' dir='ltr'>dixeris,</span> <span class='ocrx_word' id='word_1_92' title='bbox 552 1893 615 1948; x_wconf 93' lang='lat' dir='ltr'>tum</span> <span class='ocrx_word' id='word_1_93' title='bbox 642 1885 838 1948; x_wconf 82' lang='lat' dir='ltr'>Ascensionis</span> <span class='ocrx_word' id='word_1_94' title='bbox 866 1886 1003 1947; x_wconf 81' lang='lat' dir='ltr'>solennia</span> <span class='ocrx_word' id='word_1_95' title='bbox 1029 1886 1176 1965; x_wconf 87' lang='lat' dir='ltr'>paraban-</span> 
     </span>
     <span class='ocr_line' id='line_1_15' title="bbox 281 1986 1176 2069; baseline 0.003 -22"><span class='ocrx_word' id='word_1_96' title='bbox 281 1993 346 2063; x_wconf 88' lang='lat' dir='ltr'>tur,</span> <span class='ocrx_word' id='word_1_97' title='bbox 369 1986 479 2068; x_wconf 89' lang='lat' dir='ltr'>quibns</span> <span class='ocrx_word' id='word_1_98' title='bbox 498 2008 580 2049; x_wconf 85' lang='lat' dir='ltr'>marc</span> <span class='ocrx_word' id='word_1_99' title='bbox 598 1990 804 2069; x_wconf 91' lang='lat' dir='ltr'>despondetur</span> <span class='ocrx_word' id='word_1_100' title='bbox 818 1988 862 2047; x_wconf 91' lang='lat' dir='ltr'>rei</span> <span class='ocrx_word' id='word_1_101' title='bbox 883 1986 1022 2066; x_wconf 88' lang='lat' dir='ltr'>publicae</span> <span class='ocrx_word' id='word_1_102' title='bbox 1045 2008 1176 2068; x_wconf 88' lang='lat' dir='ltr'>operosa</span> 
     </span>
     <span class='ocr_line' id='line_1_16' title="bbox 281 2089 1175 2171; baseline 0 -20"><span class='ocrx_word' id='word_1_103' title='bbox 281 2108 406 2169; x_wconf 90' lang='lat' dir='ltr'>pompa,</span> <span class='ocrx_word' id='word_1_104' title='bbox 429 2110 517 2171; x_wconf 88' lang='lat' dir='ltr'>quam</span> <span class='ocrx_word' id='word_1_105' title='bbox 538 2091 666 2152; x_wconf 87' lang='lat' dir='ltr'>vidimus</span> <span class='ocrx_word' id='word_1_106' title='bbox 688 2092 737 2151; x_wconf 82' lang='lat'>21.</span> <span class='ocrx_word' id='word_1_107' title='bbox 756 2089 837 2151; x_wconf 84' lang='lat' dir='ltr'>lllaii.</span> <span class='ocrx_word' id='word_1_108' title='bbox 874 2090 990 2149; x_wconf 87' lang='lat' dir='ltr'>Interea</span> <span class='ocrx_word' id='word_1_109' title='bbox 1010 2090 1175 2169; x_wconf 86' lang='lat' dir='ltr'>perlustra-</span> 
     </span>
     <span class='ocr_line' id='line_1_17' title="bbox 280 2190 1175 2273; baseline 0.001 -20"><span class='ocrx_word' id='word_1_110' title='bbox 280 2192 319 2253; x_wconf 90' lang='lat' dir='ltr'>tis</span> <span class='ocrx_word' id='word_1_111' title='bbox 346 2210 423 2273; x_wconf 87' lang='lat' dir='ltr'>quae</span> <span class='ocrx_word' id='word_1_112' title='bbox 451 2192 482 2253; x_wconf 92' lang='lat' dir='ltr'>in</span> <span class='ocrx_word' id='word_1_113' title='bbox 509 2194 568 2255; x_wconf 88' lang='lat' dir='ltr'>hoc</span> <span class='ocrx_word' id='word_1_114' title='bbox 589 2192 671 2255; x_wconf 90' lang='lat' dir='ltr'>orbis</span> <span class='ocrx_word' id='word_1_115' title='bbox 692 2192 811 2253; x_wconf 86' lang='lat' dir='ltr'>theatro</span> <span class='ocrx_word' id='word_1_116' title='bbox 832 2190 1072 2272; x_wconf 86' lang='lat' dir='ltr'>frequentissima</span> <span class='ocrx_word' id='word_1_117' title='bbox 1095 2198 1175 2270; x_wconf 86' lang='lat' dir='ltr'>sunt,</span> 
     </span>
     <span class='ocr_line' id='line_1_18' title="bbox 280 2292 1176 2373; baseline 0.003 -18"><span class='ocrx_word' id='word_1_118' title='bbox 280 2292 415 2373; x_wconf 85' lang='lat' dir='ltr'>inprimis</span> <span class='ocrx_word' id='word_1_119' title='bbox 447 2295 589 2357; x_wconf 81' lang='lat' dir='ltr'>thesauro</span> <span class='ocrx_word' id='word_1_120' title='bbox 621 2293 826 2373; x_wconf 85' lang='lat' dir='ltr'>reipublicae</span> <span class='ocrx_word' id='word_1_121' title='bbox 860 2293 1005 2355; x_wconf 91' lang='lat' dir='ltr'>immenso</span> <span class='ocrx_word' id='word_1_122' title='bbox 1039 2294 1071 2355; x_wconf 91' lang='lat' dir='ltr'>in</span> <span class='ocrx_word' id='word_1_123' title='bbox 1106 2294 1176 2358; x_wconf 84' lang='lat' dir='ltr'>fano</span> 
     </span>
     <span class='ocr_line' id='line_1_19' title="bbox 280 2394 1177 2477; baseline 0.002 -22"><span class='ocrx_word' id='word_1_124' title='bbox 280 2395 319 2458; x_wconf 89' lang='grc' dir='ltr'>Ι).</span> <span class='ocrx_word' id='word_1_125' title='bbox 347 2394 444 2457; x_wconf 85' lang='lat' dir='ltr'>Marci</span> <span class='ocrx_word' id='word_1_126' title='bbox 476 2396 574 2477; x_wconf 87' lang='lat' dir='ltr'>palam</span> <span class='ocrx_word' id='word_1_127' title='bbox 605 2396 761 2475; x_wconf 87' lang='lat' dir='ltr'>exposito,</span> <span class='ocrx_word' id='word_1_128' title='bbox 792 2396 904 2476; x_wconf 90' lang='lat' dir='ltr'>palatio</span> <span class='ocrx_word' id='word_1_129' title='bbox 934 2395 1048 2473; x_wconf 86' lang='lat' dir='ltr'>ducali,</span> <span class='ocrx_word' id='word_1_130' title='bbox 1079 2415 1177 2457; x_wconf 88' lang='lat' dir='ltr'>arma-</span> 
     </span>
     <span class='ocr_line' id='line_1_20' title="bbox 280 2495 1176 2575; baseline 0.003 -18"><span class='ocrx_word' id='word_1_131' title='bbox 280 2495 428 2557; x_wconf 83' lang='lat' dir='ltr'>mentario</span> <span class='ocrx_word' id='word_1_132' title='bbox 450 2504 481 2558; x_wconf 89' lang='lat' dir='ltr'>et</span> <span class='ocrx_word' id='word_1_133' title='bbox 500 2497 607 2574; x_wconf 89' lang='lat' dir='ltr'>navali,</span> <span class='ocrx_word' id='word_1_134' title='bbox 631 2496 718 2558; x_wconf 89' lang='lat' dir='ltr'>etiam</span> <span class='ocrx_word' id='word_1_135' title='bbox 739 2497 880 2559; x_wconf 88' lang='lat' dir='ltr'>vitriariis</span> <span class='ocrx_word' id='word_1_136' title='bbox 899 2497 1028 2559; x_wconf 84' lang='lat' dir='ltr'>officinis</span> <span class='ocrx_word' id='word_1_137' title='bbox 1047 2498 1176 2575; x_wconf 85' lang='lat' dir='ltr'>Murani,</span> 
     </span>
     <span class='ocr_line' id='line_1_21' title="bbox 281 2598 1177 2679; baseline 0.001 -20"><span class='ocrx_word' id='word_1_138' title='bbox 281 2598 487 2661; x_wconf 83' lang='lat' dir='ltr'>concessimus</span> <span class='ocrx_word' id='word_1_139' title='bbox 509 2599 678 2675; x_wconf 80' lang='lat' dir='ltr'>Patavium,</span> <span class='ocrx_word' id='word_1_140' title='bbox 706 2599 809 2661; x_wconf 92' lang='lat' dir='ltr'>locum</span> <span class='ocrx_word' id='word_1_141' title='bbox 834 2619 901 2661; x_wconf 86' lang='lat' dir='ltr'>mea</span> <span class='ocrx_word' id='word_1_142' title='bbox 921 2599 1065 2678; x_wconf 88' lang='lat' dir='ltr'>opinione</span> <span class='ocrx_word' id='word_1_143' title='bbox 1085 2599 1177 2679; x_wconf 78' lang='lat' dir='ltr'>longe</span> 
     </span>
     <span class='ocr_line' id='line_1_22' title="bbox 280 2700 1177 2778; baseline 0.001 -16"><span class='ocrx_word' id='word_1_144' title='bbox 280 2702 494 2764; x_wconf 90' lang='lat' dir='ltr'>amoeniorem.</span> <span class='ocrx_word' id='word_1_145' title='bbox 532 2704 612 2764; x_wconf 89' lang='lat' dir='ltr'>Dum</span> <span class='ocrx_word' id='word_1_146' title='bbox 632 2701 705 2762; x_wconf 90' lang='lat' dir='ltr'>illuc</span> <span class='ocrx_word' id='word_1_147' title='bbox 726 2702 848 2778; x_wconf 89' lang='lat' dir='ltr'>iremus,</span> <span class='ocrx_word' id='word_1_148' title='bbox 872 2720 941 2763; x_wconf 89' lang='lat' dir='ltr'>cum</span> <span class='ocrx_word' id='word_1_149' title='bbox 955 2700 1071 2763; x_wconf 82' lang='lat' dir='ltr'>Adamo</span> <span class='ocrx_word' id='word_1_150' title='bbox 1087 2702 1177 2763; x_wconf 76' lang='lat' dir='ltr'>l&#39;lus-</span> 
     </span>
     <span class='ocr_line' id='line_1_23' title="bbox 281 2803 1176 2884; baseline 0 -20"><span class='ocrx_word' id='word_1_151' title='bbox 281 2808 343 2865; x_wconf 83' lang='lat' dir='ltr'>sart</span> <span class='ocrx_word' id='word_1_152' title='bbox 364 2803 464 2884; x_wconf 84' lang='lat' dir='ltr'>equite</span> <span class='ocrx_word' id='word_1_153' title='bbox 485 2803 609 2865; x_wconf 80' lang='lat' dir='ltr'>Austrio</span> <span class='ocrx_word' id='word_1_154' title='bbox 632 2803 748 2865; x_wconf 84' lang='lat' dir='ltr'>comitis</span> <span class='ocrx_word' id='word_1_155' title='bbox 771 2810 917 2881; x_wconf 82' lang='lat' dir='ltr'>cognato,</span> <span class='ocrx_word' id='word_1_156' title='bbox 938 2822 1045 2883; x_wconf 89' lang='lat' dir='ltr'>parum</span> <span class='ocrx_word' id='word_1_157' title='bbox 1065 2822 1085 2863; x_wconf 89' lang='lat' dir='ltr'>a</span> <span class='ocrx_word' id='word_1_158' title='bbox 1104 2803 1176 2864; x_wconf 89' lang='lat' dir='ltr'>sub-</span> 
     </span>
     <span class='ocr_line' id='line_1_24' title="bbox 279 2904 1177 2968; baseline 0.001 -2"><span class='ocrx_word' id='word_1_159' title='bbox 279 2904 432 2967; x_wconf 88' lang='lat' dir='ltr'>mersione</span> <span class='ocrx_word' id='word_1_160' title='bbox 468 2905 626 2968; x_wconf 80' lang='lat' dir='ltr'>abluimus</span> <span class='ocrx_word' id='word_1_161' title='bbox 685 2904 839 2967; x_wconf 85' lang='lat' dir='ltr'>Patavium</span> <span class='ocrx_word' id='word_1_162' title='bbox 880 2904 1048 2966; x_wconf 90' lang='lat' dir='ltr'>studiorum</span> <span class='ocrx_word' id='word_1_163' title='bbox 1088 2905 1177 2968; x_wconf 90' lang='lat' dir='ltr'>sedes</span> 
     </span>
     <span class='ocr_line' id='line_1_25' title="bbox 280 3005 1177 3090; baseline 0.001 -22"><span class='ocrx_word' id='word_1_164' title='bbox 280 3006 410 3069; x_wconf 84' lang='lat' dir='ltr'>electum</span> <span class='ocrx_word' id='word_1_165' title='bbox 423 3026 481 3069; x_wconf 88' lang='lat' dir='ltr'>nos</span> <span class='ocrx_word' id='word_1_166' title='bbox 498 3007 672 3090; x_wconf 74' lang='lat' dir='ltr'>aliquandiu</span> <span class='ocrx_word' id='word_1_167' title='bbox 688 3006 791 3067; x_wconf 89' lang='lat' dir='ltr'>habuit</span> <span class='ocrx_word' id='word_1_168' title='bbox 810 3006 843 3065; x_wconf 93' lang='lat' dir='ltr'>in</span> <span class='ocrx_word' id='word_1_169' title='bbox 863 3005 932 3066; x_wconf 91' lang='lat' dir='ltr'>vico</span> <span class='ocrx_word' id='word_1_170' title='bbox 952 3008 1036 3086; x_wconf 88' lang='lat' dir='ltr'>putei</span> <span class='ocrx_word' id='word_1_171' title='bbox 1057 3008 1177 3087; x_wconf 87' lang='lat' dir='ltr'>depicti,</span> 
     </span>
     <span class='ocr_line' id='line_1_26' title="bbox 279 3106 1177 3190; baseline 0.002 -21"><span class='ocrx_word' id='word_1_172' title='bbox 279 3110 399 3190; x_wconf 87' lang='lat' dir='ltr'>hospite</span> <span class='ocrx_word' id='word_1_173' title='bbox 425 3109 525 3172; x_wconf 87' lang='lat' dir='ltr'>vidua.</span> <span class='ocrx_word' id='word_1_174' title='bbox 575 3111 757 3171; x_wconf 80' lang='lat' dir='ltr'>informator</span> <span class='ocrx_word' id='word_1_175' title='bbox 782 3106 903 3187; x_wconf 80' lang='lat' dir='ltr'>linguae</span> <span class='ocrx_word' id='word_1_176' title='bbox 929 3109 1055 3189; x_wconf 85' lang='lat' dir='ltr'>contigit</span> <span class='ocrx_word' id='word_1_177' title='bbox 1080 3110 1177 3171; x_wconf 85' lang='lat' dir='ltr'>Abra-</span> 
     </span>
     <span class='ocr_line' id='line_1_27' title="bbox 278 3208 1177 3293; baseline -0.002 -20"><span class='ocrx_word' id='word_1_178' title='bbox 278 3210 384 3273; x_wconf 75' lang='lat' dir='ltr'>lrsrmrs</span> <span class='ocrx_word' id='word_1_179' title='bbox 418 3209 574 3293; x_wconf 85' lang='lat' dir='ltr'>Gopenius</span> <span class='ocrx_word' id='word_1_180' title='bbox 604 3214 786 3287; x_wconf 83' lang='lat' dir='ltr'>Germanus,</span> <span class='ocrx_word' id='word_1_181' title='bbox 824 3209 871 3271; x_wconf 84' lang='lat' dir='ltr'>vir</span> <span class='ocrx_word' id='word_1_182' title='bbox 901 3210 1011 3271; x_wconf 89' lang='lat' dir='ltr'>bonus.</span> <span class='ocrx_word' id='word_1_183' title='bbox 1066 3208 1177 3271; x_wconf 81' lang='lat' dir='ltr'>Comes</span> 
     </span>
     <span class='ocr_line' id='line_1_28' title="bbox 279 3312 1177 3395; baseline -0.002 -21"><span class='ocrx_word' id='word_1_184' title='bbox 279 3312 393 3393; x_wconf 85' lang='lat' dir='ltr'>chelyis</span> <span class='ocrx_word' id='word_1_185' title='bbox 414 3312 486 3377; x_wconf 85' lang='lat' dir='ltr'>lusu</span> <span class='ocrx_word' id='word_1_186' title='bbox 512 3321 543 3375; x_wconf 86' lang='lat' dir='ltr'>et</span> <span class='ocrx_word' id='word_1_187' title='bbox 562 3313 742 3395; x_wconf 90' lang='lat' dir='ltr'>palaestrica</span> <span class='ocrx_word' id='word_1_188' title='bbox 763 3332 797 3374; x_wconf 85' lang='lat' dir='ltr'>se</span> <span class='ocrx_word' id='word_1_189' title='bbox 819 3312 994 3389; x_wconf 82' lang='lat' dir='ltr'>oblectavit,</span> <span class='ocrx_word' id='word_1_190' title='bbox 1024 3312 1095 3373; x_wconf 83' lang='lat' dir='ltr'>milri</span> <span class='ocrx_word' id='word_1_191' title='bbox 1114 3312 1177 3391; x_wconf 81' lang='lat' dir='ltr'>agi-</span> 
     </span>
    </p>
   </div>
   <div class='ocr_carea' id='block_1_5' title="bbox 277 3412 1178 3498">
    <p class='ocr_par' dir='ltr' id='par_1_5' title="bbox 277 3412 1178 3498">
     <span class='ocr_line' id='line_1_29' title="bbox 277 3412 1178 3498; baseline -0.003 -22"><span class='ocrx_word' id='word_1_192' title='bbox 277 3412 346 3477; x_wconf 80' lang='lat' dir='ltr'>litas</span> <span class='ocrx_word' id='word_1_193' title='bbox 367 3414 399 3477; x_wconf 88' lang='lat' dir='ltr'>in</span> <span class='ocrx_word' id='word_1_194' title='bbox 428 3434 539 3498; x_wconf 85' lang='lat' dir='ltr'>equum</span> <span class='ocrx_word' id='word_1_195' title='bbox 566 3414 744 3479; x_wconf 86' lang='lat' dir='ltr'>subsiliendi</span> <span class='ocrx_word' id='word_1_196' title='bbox 765 3434 938 3496; x_wconf 82' lang='lat' dir='ltr'>corpusque</span> <span class='ocrx_word' id='word_1_197' title='bbox 962 3414 1083 3476; x_wconf 71' lang='lat' dir='ltr'>roland</span> <span class='ocrx_word' id='word_1_198' title='bbox 1103 3412 1178 3474; x_wconf 81' lang='lat' dir='ltr'>arri·</span> 
     </span>
    </p>
   </div>
   <div class='ocr_carea' id='block_1_6' title="bbox 310 3626 684 3699">
    <p class='ocr_par' dir='ltr' id='par_1_6' title="bbox 310 3626 684 3699">
     <span class='ocr_line' id='line_1_30' title="bbox 310 3626 684 3699; baseline -0.003 -16"><span class='ocrx_word' id='word_1_199' title='bbox 310 3628 338 3699; x_wconf 66' lang='lat' dir='ltr'>e)</span> <span class='ocrx_word' id='word_1_200' title='bbox 354 3626 426 3683; x_wconf 67' lang='lat' dir='ltr'>cod.</span> <span class='ocrx_word' id='word_1_201' title='bbox 444 3630 475 3683; x_wconf 75' lang='grc' dir='ltr'>Α.</span> <span class='ocrx_word' id='word_1_202' title='bbox 492 3627 538 3688; x_wconf 70' lang='lat' dir='ltr'>taz</span> <span class='ocrx_word' id='word_1_203' title='bbox 563 3626 684 3683; x_wconf 75' lang='lat' dir='ltr'>lectitas.</span> 
     </span>
    </p>
   </div>
   <div class='ocr_carea' id='block_1_7' title="bbox 938 3716 981 3779">
    <p class='ocr_par' dir='ltr' id='par_1_7' title="bbox 938 3716 981 3779">
     <span class='ocr_line' id='line_1_31' title="bbox 938 3716 981 3779; baseline 0 -30"><span class='ocrx_word' id='word_1_204' title='bbox 938 3716 981 3779; x_wconf 72' lang='lat'>,.</span> 
     </span>
    </p>
   </div>
   <div class='ocr_carea' id='block_1_8' title="bbox 0 0 1520 4409">
    <p class='ocr_par' dir='ltr' id='par_1_8' title="bbox 0 0 1520 4409">
     <span class='ocr_line' id='line_1_32' title="bbox 0 0 1520 4409; baseline 0 0"><span class='ocrx_word' id='word_1_205' title='bbox 0 0 1520 4409; x_wconf 95' lang='lat' dir='ltr'> </span> 
     </span>
    </p>
   </div>
  </div>
 </body>
</html>
