3025 4409
423 502 479 553 lter
495 498 523 551 in
541 482 666 553 Galliam.
703 494 819 553 Reditus
836 498 872 552 ad
888 498 1040 553 Helvetios.
1142 505 1184 567 2⁶

275 656 365 732 sima,
387 661 421 716 ut
440 654 630 717 innocentius
651 672 690 715 ue
711 654 741 715 in
764 654 896 733 paternis
913 655 1034 735 quidem
1055 656 1181 719 aedibus

275 776 413 837 unquam
432 755 566 817 vixerim.
1148 812 1152 819 .

323 858 447 919 Genava
461 855 611 917 excedens
628 855 737 916 comite
749 855 906 915 Theodato
922 854 1075 935 theologo,
1093 877 1181 936 prae-

275 967 328 1021 ter
350 958 456 1019 multas
474 956 547 1017 alias
560 956 677 1035 linguas
690 955 878 1035 germanicae
890 956 978 1016 etiam
990 958 1181 1036 peritissimo,

277 1058 336 1139 qui
357 1056 543 1137 colligendae
565 1056 635 1136 stipi
656 1076 760 1117 sacrae
780 1057 908 1119 emissus
928 1065 1001 1131 erat,
1022 1058 1092 1118 veni
1103 1060 1183 1138 Lug-

278 1159 411 1232 dunum,
441 1156 727 1237 quadragesimalem
748 1156 790 1217 ibi
811 1157 1061 1236 supplicationem
1082 1160 1183 1221 admo·

278 1258 353 1317 dum
376 1258 531 1318 solennem
552 1256 686 1331 intuitus
708 1257 761 1317 ubi
783 1257 923 1319 dimissus
943 1261 1081 1321 cursoria
1096 1282 1183 1341 pera-

278 1357 419 1437 gratione
437 1357 586 1420 Lutetiam
614 1363 644 1417 et
669 1358 809 1435 primaria
835 1359 894 1418 alia
912 1358 982 1419 loca
1008 1361 1085 1438 vidi,
1113 1363 1183 1423 inde

279 1458 411 1519 Galliam
446 1458 566 1519 deserui
595 1466 625 1517 et
651 1458 689 1517 ad
716 1466 841 1537 penates
868 1459 1003 1538 respexi,
1042 1462 1184 1544 flexoque

278 1559 389 1621 iterum
410 1560 448 1619 ad
465 1559 620 1620 Helvetios
641 1558 749 1619 itinere
771 1560 917 1639 'ligurum
938 1562 1015 1621 sama
1035 1562 1097 1623 loci
1116 1584 1183 1625 mo·

278 1666 333 1719 tus
343 1658 441 1735 invisi,
462 1658 617 1721 literarum
633 1659 717 1721 cultu
732 1661 929 1742 moribusque
951 1681 1040 1741 quam
1051 1663 1184 1726 rectissi-

279 1759 340 1819 mis
361 1780 433 1839 prae
454 1760 519 1821 aliis
541 1766 675 1821 ornatam
698 1761 799 1838 reperi
823 1770 853 1822 et
872 1762 1009 1823 Basileae
1029 1765 1184 1825 Rauraco-

279 1880 352 1921 rum
374 1860 501 1923 substiti.
542 1860 664 1921 Innotui
684 1860 752 1920 Joh.
775 1861 838 1922 Jac.
862 1863 1011 1923 Grassero
1025 1860 1076 1939 ⁵³)
1097 1866 1183 1925 theo-

279 1960 358 2039 logo
379 1962 576 2041 polyhistori,
605 1967 635 2021 et
657 1959 793 2039 Casparo
813 1962 951 2023 Bauhiuo
979 1962 1093 2023 celebri
1112 1984 1185 2023 aua-

279 2060 412 2139 tomico,
435 2062 486 2143 qui
508 2082 576 2124 cum
593 2062 698 2142 paucis
716 2063 919 2137 substiterant,
940 2069 1101 2143 postquam
1117 2064 1185 2126 lues

279 2163 441 2243 popularis
473 2164 599 2223 immane
633 2164 790 2225 saeviisset
820 2175 850 2225 et
875 2164 976 2224 omnia
1004 2164 1185 2225 coemeteria

281 2264 480 2344 opplevisset.
518 2265 564 2325 Ex
585 2264 622 2325 iis
643 2284 736 2325 nauum
757 2265 864 2326 mortis
884 2266 1025 2327 choream
1046 2286 1101 2345 per
1121 2286 1185 2327 am·

280 2366 380 2427 bitum
401 2364 553 2425 visendam
576 2364 696 2425 exhibet
717 2385 811 2445 opere
831 2364 927 2427 nobili
947 2366 1095 2429 Johannis
1109 2368 1185 2429 Hol-

281 2465 377 2527 beinii
403 2466 528 2545 pictoris
556 2484 628 2527 suae
655 2466 761 2527 aetatis
781 2465 929 2545 primarii,
957 2466 1076 2546 qualem
1098 2468 1186 2528 etiam

280 2570 403 2629 Bernae
433 2567 546 2629 vidisse
575 2565 696 2627 memini
727 2560 798 2626 arte
820 2585 884 2627 non
911 2567 1026 2645 impari.
1076 2563 1188 2627 Plateri

283 2666 376 2729 etiam
400 2666 508 2728 medici
537 2666 698 2746 elegantias
726 2673 756 2727 et
783 2671 908 2727 naturae
933 2667 1045 2728 artisve
1066 2666 1188 2727 insolita

281 2766 378 2842 tueri,
408 2786 471 2828 uon
491 2767 647 2846 indiguum
667 2766 732 2829 suit.

328 2868 417 2931 Redii
432 2869 550 2931 demum
566 2888 622 2947 per
634 2866 817 2947 Friburgum
835 2866 1053 2946 Brisgo[v]iae,
1077 2867 1185 2929 Villiu-

282 2989 354 3050 gam
372 2976 476 3031 nostra
494 2967 578 3029 clade
599 2966 734 3028 nobilem
755 2974 785 3028 et
798 2967 961 3029 Rotwilam
975 2966 1122 3046 imperiali
1141 2968 1186 3028 di-

283 3071 417 3133 casterio
439 3070 600 3149 insignem,
629 3069 766 3142 domum,
792 3067 877 3128 vario
897 3067 1082 3129 Gallicorum
1103 3069 1188 3149 iuge-

282 3172 407 3235 niorum
422 3172 506 3233 foetu
519 3170 670 3251 oppletus
694 3168 782 3230 etiam
796 3167 921 3230 liberius
933 3168 965 3229 in
975 3168 1188 3231 bibliothecam

282 3273 514 3346 Besoldianam‚
536 3280 570 3333 ut
590 3290 667 3352 quae
689 3269 771 3331 omni
791 3268 896 3329 talium
914 3275 1056 3331 autorum
1076 3290 1188 3349 genere

284 3373 469 3445 abundaret,
490 3372 698 3433 admittendus,

329 3473 356 3535 Α
375 3474 475 3535 reditu
495 3474 624 3555 primum
645 3472 709 3547 fuit,
731 3478 765 3533 ut
781 3471 911 3552 Magaari
931 3473 991 3533 mei
1010 3471 1122 3551 nuptiis
1139 3492 1188 3533 se-

290 3574 400 3637 cundis
423 3595 490 3637 cum
513 3573 701 3654 Margaretba
723 3572 928 3635 llielmaennia
950 3572 1112 3635 contractis
1133 3574 1184 3635 mi-
