3025 4409
362 523 423 583 196
634 514 718 570 Ltbar
734 513 767 570 v.
802 513 985 572 1639-1642.

362 673 401 734 de
427 692 489 754 quc
517 672 547 732 in
576 672 652 732 ianm
672 670 834 734 Andreana
854 693 872 734 a
899 673 1131 752 marsusque
1153 670 1193 730 35
1215 669 1263 730 vi-

362 773 473 850 denda,
508 794 526 834 a
556 773 692 853 principe
722 772 898 854 Clrristoph.
936 774 966 834 in
999 773 1122 834 feudum
1161 772 1262 834 datum

362 873 527 951 1534200)
544 873 594 936 17.
608 875 708 952 Febr,
725 882 833 956 postea
843 876 939 956 princ.
953 874 1100 936 Friderici
1113 873 1262 934 beneficio

359 977 399 1038 ab
415 976 497 1039 omni
513 975 593 1037 civili
610 996 704 1038 onere
724 976 897 1056 etlromagio
915 977 983 1057 ipsc
1002 976 1162 1038 liberatum
1179 974 1262 1036 1604

359 1077 390 1140 2.
405 1078 483 1155 Jan,
504 1077 620 1158 aliquot
633 1078 821 1139 florenorum
837 1077 968 1140 millibus
989 1078 1105 1159 pridem
1123 1077 1261 1140 aestima-

341 1183 432 1242 'tnm
474 1176 678 1258 Desipuerim‚
705 1198 838 1257 necne,
865 1179 1028 1259 posteritas
1050 1179 1137 1242 dicat.
1181 1179 1261 1242 Sane

360 1276 473 1358 cum*)
502 1279 634 1341 deremia
666 1281 703 1341 de
734 1281 831 1361 patria
858 1280 1051 1361 desperasse,
1089 1279 1182 1344 rebus
1208 1301 1262 1342 an-

360 1380 539 1464 gustissimis
569 1380 666 1443 videri
701 1381 796 1444 nolui.
845 1380 966 1446 Annum
998 1383 1116 1447 claudat
1148 1384 1261 1447 'lobias

361 1485 574 1550 Schncuberus
600 1485 807 1562 RoetclensiS,
836 1485 927 1547 lronro
948 1491 1106 1568 utramque
1126 1486 1261 1549 militiam

361 1595 513 1668 expertus,
528 1588 579 1670 qni
597 1589 680 1671 qnod
698 1585 809 1668 passim
826 1584 1025 1651 obambulans
1038 1590 1161 1652 cordata
1181 1589 1260 1665 lacit,

361 1690 575 1770 poenitentiam
597 1696 627 1750 et
652 1708 759 1769 pacem
779 1689 892 1752 nostris
913 1689 1099 1768 inclamavit,
1122 1691 1260 1753 aestima-

363 1792 446 1855 tione
466 1813 505 1854 an
526 1791 719 1854 miseratione
743 1790 862 1871 dignior
883 1789 930 1867 sit,
953 1789 984 1850 in
1005 1789 1120 1855 incerto
1143 1791 1260 1854 relicto.

423 1895 574 1976 Angustas
613 1911 663 1954 res
703 1891 784 1953 domi
820 1890 981 1971 ampliores
1024 1893 1096 1956 fecit
1132 1891 1261 1974 Augusti

362 1995 506 2079 principis
534 1992 736 2073 Luncburgici
762 1992 979 2070 munificentia,
1015 1995 1068 2076 qui
1101 2014 1169 2057 curn
1197 1992 1260 2055 cle-

361 2095 554 2161 mentissimis
574 2094 690 2176 aliquot
710 2093 805 2155 literis
827 2112 882 2154 sua
902 2113 993 2156 manu
1011 2094 1164 2176 eleganter
1184 2094 1260 2158 scri·
1364 2171 1365 2193 Χ

361 2201 421 2282 ptis
447 2218 494 2261 me
521 2203 603 2260 essct
627 2193 820 2270 consolatus,
853 2214 965 2258 munus
993 2194 1106 2258 addidit
1131 2215 1259 2277 prorsus

360 2302 478 2364 illustre
510 2298 710 2360 ducentorum
741 2294 952 2376 imperialium,
991 2297 1043 2378 qui
1069 2317 1139 2360 cnm
1165 2299 1259 2361 Wen-

363 2401 454 2464 sianis
475 2407 596 2462 centnm
617 2398 772 2476 conjuncti
793 2398 822 2460 2.
835 2397 918 2460 lunii
932 2396 1003 2458 mihi
1019 2399 1168 2462 numerati
1178 2405 1257 2478 sunt,-

362 2503 449 2581 cnjus
470 2499 615 2562 memoria
634 2519 702 2560 cum
722 2498 808 2576 milri,
831 2505 893 2560 tum
913 2497 988 2560 meis
1008 2500 1135 2581 posthac
1154 2519 1257 2563 sacro·

361 2609 465 2666 sancta
485 2621 553 2664 esse
574 2598 672 2662 debet.
702 2600 838 2661 Mesaue
853 2600 917 2678 jam
928 2599 1026 2664 alieno
1040 2621 1110 2664 aere
1131 2619 1258 2682 oppres·
1360 2597 1361 2617 ¹

360 2723 428 2766 sum
446 2704 506 2766 hcc
525 2702 653 2765 coelitus
675 2701 866 2764 conciliatum
886 2701 1065 2766 beneficium
1092 2702 1169 2764 adeo
1191 2722 1256 2766 ere·
1359 2699 1360 2723 ¹

358 2804 419 2882 xit,
444 2812 480 2867 ut
506 2804 600 2868 veluti
619 2803 752 2866 tenebris
773 2803 916 2866 hactenus
941 2802 1074 2882 obsitus,
1103 2804 1256 2868 liberalio-
1358 2817 1359 2829 ³

359 2925 424 2968 rem
442 2905 543 2968 lucam
559 2906 622 2984 jam
641 2904 749 2968 iterum
770 2904 934 2968 reviserim.
965 2906 1135 2970 Praecessit
1155 2913 1255 2970 strena
1357 2917 1358 2937 ¹

357 3008 503 3088 principis
523 3009 612 3069 herae
630 3008 761 3086 scyphus
782 3013 942 3087 argenteus
964 3006 1109 3088 elegantis
1131 3008 1254 3086 formae,
1356 3027 1357 3043 ¹

359 3116 390 3172 et
409 3109 501 3172 trium
520 3107 682 3172 illustrium
696 3107 867 3170 Gratiarum
886 3107 1032 3188 cymiliae,
1055 3113 1256 3190 secutaquca
1355 3123 1356 3149 ¹

407 3257 416 3273 .
425 3211 509 3274 Rosa
521 3209 644 3273 tribuno
658 3229 769 3272 aureus
779 3227 918 3274 nummus
929 3209 1100 3288 Lusitanus,
1114 3206 1255 3292 quaest)

357 3311 559 3376 labascentcm
575 3312 698 3374 domum
712 3319 867 3394 utcunque
883 3310 1063 3376 sustinuere.
1093 3309 1160 3374 Nec
1177 3311 1255 3374 enim

423 3542 451 3614 ⁸)
469 3541 538 3598 (led.
556 3542 588 3594 A.
605 3544 634 3595 ct
648 3537 694 3594 B.:
716 3553 780 3594 cum
794 3539 916 3596 Jeremia
932 3553 992 3613 cap.
1005 3539 1047 3611 ³2,
1063 3542 1138 3600 nl'd.

411 3625 454 3698 aa)
472 3627 541 3683 cad.
557 3627 588 3680 A.
605 3631 634 3680 at
653 3623 698 3681 Ba
720 3626 804 3694 doaa,
823 3637 900 3696 quaa.
