3025 4409
302 482 340 542 16
423 488 426 497 '
583 475 665 531 Liber
682 478 700 530 l.
736 477 922 533 1586-1614.

299 633 432 695 sessores
457 631 616 712 theologos
640 632 805 714 Philippum
826 631 1143 706 Heilbronnerum⁴⁵)
1167 642 1198 695 et

302 733 466 813 Georgium
498 735 717 795 Zeaemannum
732 733 801 811 ⁴⁶),
845 733 1067 813 disciplinarum
1106 734 1217 797 Bias-⁴

302 832 389 910 sium,
405 834 568 908 Ortelinm,
584 833 762 911 Cellarium,
777 835 997 896 Hiilzamerum.
1030 832 1197 897 Convictus

302 935 478 997 commodus
496 934 533 995 ab
550 934 742 1015 integerrimo
758 956 833 998 sene
847 935 1079 1011 Heilbrcnnero,
1101 937 1198 998 amico

302 1034 382 1095 avito
409 1040 438 1095 et
463 1041 588 1113 paterno
616 1036 702 1097 datus
730 1045 789 1112 est,
816 1038 903 1115 cujus
929 1036 1016 1098 etiam
1037 1037 1198 1099 occasione

301 1136 483 1197 bibliotheca
498 1136 632 1198 Palatina
653 1136 724 1198 satis
747 1135 893 1200 instructa
912 1136 1016 1217 patuit.
1047 1137 1197 1199 Habitatio

303 1256 370 1299 cum
397 1237 513 1298 Davide
539 1235 692 1297 Brentelio
705 1236 756 1314 ⁴⁷)
783 1238 900 1317 pictore
924 1244 955 1299 et
980 1243 1120 1300 senatore
1144 1238 1199 1299 ad·

303 1338 425 1400 modum
452 1336 578 1399 candido
604 1336 668 1398 fuit.
710 1339 838 1400 Lautum
858 1338 929 1400 mihi
949 1338 1129 1418 stipendium
1149 1359 1198 1411 as-

303 1440 450 1519 signatum
473 1444 533 1512 est,
562 1444 681 1499 centum
703 1440 815 1520 quippe
835 1440 1082 1519 philippicarum,
1109 1459 1197 1518 prae·

303 1546 350 1599 ter
371 1538 524 1600 liberalem
545 1538 666 1613 victum,
690 1542 744 1602 sed
765 1542 863 1603 minus
885 1539 992 1601 studiis
1013 1547 1043 1602 et
1063 1538 1197 1601 moribus

304 1640 489 1711 consultum;
504 1639 595 1701 incidi
605 1640 683 1701 enim
695 1642 726 1702 in
739 1650 944 1721 corruptores,
956 1640 1089 1721 privatos
1104 1661 1197 1721 quos-

304 1740 370 1802 dam
390 1747 618 1821 praeceptores,
641 1742 692 1823 qui
714 1748 744 1803 et
764 1743 827 1805 suis
847 1742 975 1804 alumnis
994 1747 1025 1802 et
1039 1733 1109 1801 mihi
1127 1761 1198 1821 per-

303 1840 409 1902 niciem
423 1844 531 1921 magno
546 1840 753 1905 conciliabant
791 1843 930 1926 Cumque
942 1844 978 1904 in·
989 1842 1122 1904 confinio
1132 1842 1200 1903 Dil'·

183 1957 186 1962 ’
301 1941 454 2023 lingenses
481 1942 615 2003 lesuitae
643 1942 756 2021 Majus,
785 1945 920 2007 Heissius
947 1951 977 2027 et
1002 1943 1052 2003 alii
1077 1943 1115 2004 ad
1140 1963 1198 2007 nos

303 2043 476 2124 frequenter
494 2052 720 2119 commeassent,
738 2044 896 2105 amicitiam
916 2044 1064 2125 quandam
1081 2044 1198 2107 civilem

304 2142 495 2218 simulabant,
530 2144 584 2204 sed
612 2130 698 2221 cujus
725 2143 903 2205 lubricitatis
931 2164 1002 2205 mox
1030 2145 1144 2206 taeduit
1170 2151 1200 2207 et

303 2242 417 2321 puduit.
467 2243 630 2321 Scriptioni
663 2250 733 2322 post
763 2244 923 2305 lectionem
951 2264 1057 2323 parum
1088 2246 1198 2322 datum,

304 2344 390 2419 cujus
412 2342 554 2423 exequias
576 2342 720 2423 principis
741 2344 888 2405 Friderici
904 2346 1081 2422 Wiirtemb,
1101 2345 1199 2407 Nobi-

302 2441 393 2503 litatis
414 2449 445 2504 et
466 2444 642 2505 eruditionis
661 2443 865 2521 duellum⁴⁸),
888 2452 919 2506 et
931 2445 1065 2507 libellum
1083 2446 1199 2526 suppli·

303 2562 368 2604 cem
380 2564 437 2623 pro
456 2544 640 2624 impetranda
653 2545 807 2606 functione
819 2541 1020 2608 ecclesiastica
1037 2546 1116 2608 bene
1130 2547 1199 2608 lon-

303 2663 389 2724 gum,
418 2652 447 2705 et
467 2646 631 2707 Veritatem
659 2646 827 2725 religionis*
841 2646 1017 2709 christianae
1037 2667 1093 2726 per
1114 2668 1198 2709 com·

302 2744 445 2824 pendium
465 2747 782 2826 comprehendentem,
808 2744 952 2809 memoria
971 2756 1134 2831 utcumque
1153 2756 1199 2811 te-

303 2864 371 2909 neo.
413 2844 550 2927 Cumque
571 2866 678 2925 preces
699 2867 783 2909 meae
803 2848 913 2911 frustra
939 2851 1079 2925 fuissent,
1105 2850 1197 2910 immo

303 2944 465 3025 desperare
482 2947 518 3008 de
534 2948 605 3009 loco
621 2948 652 3007 in
668 2949 764 3027 patria
779 2950 943 3011 obtinendo
954 2951 1089 3028 juberer,
1111 2948 1199 3029 coepi

201 3084 203 3087 -
303 3048 444 3129 paulatim
471 3047 639 3127 theologiae
670 3050 800 3111 studium
829 3051 981 3112 remittere
1007 3057 1038 3111 et
1065 3052 1103 3112 de
1131 3072 1198 3111 mu·-

303 3149 395 3211 tendo
416 3150 494 3211 vitae
515 3168 625 3228 genere
647 3150 788 3229 cogitare.
835 3152 952 3213 Profuit
971 3159 1071 3213 tamen
1091 3161 1199 3229 postea

303 3252 378 3311 hanc
398 3248 577 3311 insolentem
599 3252 749 3329 repulsam
771 3252 921 3328 exhibere,
943 3273 982 3313 ne
1002 3272 1069 3313 mea
1089 3257 1198 3331 sponte

303 3350 409 3412 leviter
429 3350 577 3413 desiliisse
597 3371 615 3412 a
636 3351 733 3431 primo
754 3352 914 3431 proposito
935 3354 1090 3421 crederer,
1114 3350 1197 3413 Ami-

303 3471 371 3513 cum
392 3450 541 3529 Lavingae
563 3472 635 3531 prae
661 3451 728 3513 aliis
749 3453 897 3532 privatum
920 3461 991 3533 post
1006 3455 1197 3515 llerwartum
1244 3506 1249 3521 ,

302 3550 391 3613 habui
422 3551 568 3614 Jacobum
594 3552 762 3615 Winterum
794 3556 1016 3634 typographum
1044 3561 1200 3617 conterra-
1266 3588 1269 3594 ·
