3025 4409
378 507 495 560 vocatio
514 505 717 574 Stuttgartiana.
753 505 803 560 Fil.
815 507 923 576 Agnetis
941 507 1059 578 nuptiae.
1110 513 1167 576 181

279 667 304 724 7.
324 665 391 723 Oct.
418 665 516 740 Major
540 663 661 723 alteram
690 661 826 723 sobolem
853 664 988 726 tuntas.
1009 664 1167 739 Novemb,

274 765 322 825 cui
348 765 386 824 ad
413 764 567 824 lustricam
600 765 712 824 sontem
743 783 853 824 nomen
880 765 991 824 Mariae
1018 764 1168 824 Barbarae

272 865 338 944 ipse
359 864 436 937 dedi,
459 863 568 944 quibus
590 863 728 925 Christus
749 864 890 943 adspiret.
926 864 992 924 Nec
1015 865 1167 924 reticenda

273 975 320 1028 est
333 967 440 1026 civium
458 964 647 1044 quorundam
666 985 801 1026 meorum
817 965 988 1040 liberalitas,
1010 965 1092 1046 quod
1108 966 1166 1025 hoc

272 1066 438 1128 communis
465 1063 637 1124 calamitatis
658 1065 854 1145 quadriennio
876 1064 957 1126 mille
977 1065 1046 1144 plus
1068 1065 1166 1126 minus

272 1169 457 1229 florenorum
479 1184 570 1243 supra
587 1165 703 1242 justum
721 1164 860 1226 salarium
881 1165 1078 1241 contulerint,
1100 1165 1165 1246 qui-

271 1269 329 1328 bus
355 1266 509 1346 quingenti
531 1265 650 1325 circiter
675 1266 749 1326 foris
776 1273 969 1326 accesserunt
989 1276 1019 1326 et
1039 1285 1101 1327 rem
1123 1267 1165 1326 la-

271 1368 414 1428 miliarem
436 1366 564 1425 accisam
577 1367 654 1426 baud
671 1366 862 1426 mediocriter
878 1367 1058 1441 refecerunt,
1079 1367 1166 1444 cujus

270 1469 393 1548 gratiam
414 1466 497 1526 nulla
517 1473 598 1525 aetas
619 1467 698 1544 apud
719 1486 767 1525 me
790 1466 910 1543 delebit,
932 1473 962 1528 et
982 1467 1079 1528 omnis
1101 1487 1166 1526 mea

270 1569 380 1630 familia
400 1567 520 1628 babebit
539 1564 708 1626 obnoxiam.
754 1565 894 1628 Calamus
915 1587 1000 1628 meus
1022 1569 1080 1628 boc
1101 1574 1165 1628 toto

269 1690 351 1731 anno
376 1670 415 1728 ad
439 1667 603 1745 Babylonis
635 1667 742 1726 salices
772 1685 938 1744 suspensus
968 1667 1078 1743 haesit,
1109 1687 1166 1730 nec

269 1771 406 1832 literario
441 1769 561 1849 quidem
599 1767 780 1828 commercio
816 1767 874 1826 nisi
910 1785 977 1827 curn
1009 1769 1165 1831 Ludovico

270 1871 494 1936 llobenseldero
516 1888 588 1930 sene
608 1869 785 1946 languente,
812 1866 976 1942 Saubcrto,
1003 1869 1164 1943 Schmidio,

270 1971 474 2044 Meuderlino‚
508 1973 590 2030 Luca
617 1969 805 2042 Sebiccarto,
841 1966 977 2029 Glonero
1003 1969 1166 2049 paucisque

270 2074 338 2135 aliis
366 2072 528 2146 exercitus,
555 2092 623 2132 cum
646 2070 728 2130 aliud
753 2068 811 2129 uisi
832 2068 939 2128 mutire
961 2076 991 2128 et
1010 2068 1166 2148 singultire

271 2193 335 2236 non
356 2172 458 2247 liceat,
485 2173 538 2233 ubi
558 2191 708 2232 armorum
730 2169 872 2248 strepitus
893 2188 1010 2231 omnem
1032 2171 1165 2230 humani-

270 2274 340 2336 tatis
362 2291 483 2334 sensum
503 2274 591 2350 juxta
616 2280 704 2354 atque
733 2289 820 2332 usum
846 2269 1024 2332 obtundunt.
1075 2270 1165 2332 Nunc

271 2376 360 2437 etiarn
386 2372 542 2435 Calvensis
568 2371 820 2445 novendecennii,
852 2390 913 2450 quo
940 2371 1036 2448 major
1061 2372 1165 2436 aetatis

269 2495 356 2536 meae
375 2493 461 2552 pars,
489 2480 579 2553 atque
599 2473 677 2533 iuter
697 2474 835 2534 fortunae
860 2473 957 2546 vices,
988 2477 1063 2533 stata
1083 2472 1164 2533 vale-

270 2577 389 2651 tudiue,
422 2576 527 2654 reique
553 2573 703 2634 familiaris
735 2573 941 2647 incrementis,
976 2573 1165 2652 potissimum

271 2698 347 2739 vero
368 2675 520 2738 christiani
541 2674 631 2735 studii
649 2673 802 2752 profectu,
826 2671 903 2732 inter
926 2671 967 2732 80
988 2672 1060 2734 eccl.
1083 2672 1165 2734 ordi-

271 2779 320 2838 nis
341 2776 474 2856 collegas
493 2775 619 2835 maxime
634 2773 791 2834 commoda
811 2779 914 2834 exacta
935 2779 990 2848 est,
1011 2774 1164 2834 terminus.

273 2877 377 2938 Gratia
397 2884 487 2951 vero,
509 2874 576 2936 laus
597 2879 628 2935 et
647 2873 744 2952 gloria
764 2875 831 2934 Deo
852 2872 959 2950 triuni,
982 2873 1164 2953 sospitatori,

274 2978 421 3041 servatori
442 2986 472 3039 et
492 2975 602 3036 vindici
622 2982 697 3036 esto.
