3025 4409
482 476 581 532 Mnnns
598 475 723 533 anhcnm.
751 476 896 544 Confessio
915 477 984 533 fidei.
1123 484 1184 546 183

285 640 317 695 et
326 635 476 695 Germana
494 633 1003 714 lide,me1lngustanaeiuvariatae
1017 633 1184 698 confessio-

284 733 350 808 nis,
375 732 517 794 Formula
538 733 730 796 Concordiae
757 733 924 796 declaratae
947 730 1183 817 assertlatlorem

283 843 316 897 et
345 836 409 912 jam
434 853 489 912 per
517 834 559 896 25
584 851 682 897 annos
710 852 893 914 praeconem
919 835 1072 915 publicum
1102 856 1181 898 sem-

282 956 341 1015 per
368 934 474 1005 inisse,
503 953 585 1011 esse,
606 942 637 996 et
652 935 779 1012 juvante
805 955 864 997 sac.
888 935 959 1015 spir.
981 956 1076 1017 porro
1103 937 1181 1002 lutu-

283 1057 362 1111 rum,
388 1041 528 1096 econtra
548 1034 708 1114 repudiare
724 1035 825 1097 omnia
844 1036 871 1098 ei
894 1036 1022 1098 adversa
1042 1037 1182 1116 dogmata

280 1147 314 1200 et
334 1135 490 1216 speciatim
516 1134 682 1197 abominari
703 1137 831 1216 Papatus
852 1137 1051 1216 tyrannidem,
1081 1137 1182 1200 Calvi-

280 1238 442 1300 nienorum
467 1236 677 1315 supercilium,
709 1235 970 1316 Anabaptistarum
998 1237 1182 1318 hypocrisin,

282 1336 535 1399 Schwenckleldii
561 1336 787 1417 sycophantias,
826 1337 965 1417 Weigelii
990 1337 1124 1402 furorem
1152 1347 1182 1402 et

284 1436 824 1516 Neo-Photiuiauornmpraestigias.
858 1437 975 1500 Risisse
987 1459 1107 1520 semper
1117 1441 1183 1502 no-

283 1539 541 1602 sae-Crucianam
574 1537 720 1611 fabulam,
759 1547 788 1599 et
819 1537 1001 1600 curiositatis
1035 1541 1182 1602 fratercu-

282 1639 415 1717 los¹⁸³)
435 1639 530 1702 luisse
550 1639 737 1701 insectatum.
784 1629 854 1700 Non
876 1638 1088 1702 deformandae
1110 1641 1181 1702 reli-

282 1741 375 1821 gioni,
392 1759 481 1822 quam
498 1740 695 1802 rectissimam
710 1746 740 1800 et
755 1737 873 1800 unicam
890 1738 1065 1800 adsalutem
1078 1740 1182 1817 sciam,

281 1842 337 1904 sed
357 1840 592 1904 conformandae
611 1841 690 1902 vitae
704 1837 898 1914 Christianae,
920 1857 982 1900 non
1003 1839 1093 1900 honis
1113 1840 1180 1904 lite-

282 1943 325 2004 ris
352 1944 575 2023 earundemqne
601 1939 759 2003 ordinibus
780 1947 810 2000 et
829 1938 1028 2015 ornamentis,
1056 1940 1110 2002 sed
1132 1961 1180 2004 re-

281 2042 447 2104 valescenti
472 2043 622 2104 barbariei
647 2041 806 2102 adversum
832 2049 877 2102 tot
901 2059 1050 2102 annornm
1076 2039 1182 2102 calami

283 2151 314 2205 et
333 2143 499 2204 calumniae
516 2143 698 2223 impendium
721 2140 854 2216 dedisse,
883 2150 914 2204 et
939 2143 977 2203 ad
1004 2142 1080 2202 hanc
1106 2159 1180 2204 nor-

282 2265 361 2308 mam
382 2245 483 2306 omnia
507 2264 574 2306 mea
595 2244 674 2306 dicte
698 2242 869 2323 scriptaque
890 2241 1031 2322 intelligi,
1058 2242 1179 2322 corrigi,

281 2346 333 2407 vel
353 2345 439 2422 rejici
458 2345 547 2406 etiam
568 2343 657 2421 velle,
679 2363 739 2424 qua
760 2342 790 2402 in
808 2342 878 2418 lide,
899 2343 1000 2406 studio
1022 2350 1053 2404 et
1069 2350 1180 2404 corteto

280 2456 316 2508 ut
326 2447 365 2506 ad
375 2453 541 2508 extremum
551 2464 649 2526 amque
662 2443 785 2524 spiritns
798 2463 930 2524 superne
941 2444 1064 2521 animer,
1076 2445 1181 2506 lovear

281 2554 314 2608 et
334 2565 509 2626 conserver,
528 2547 633 2610 iesum
655 2544 807 2606 Christum
828 2551 894 2606 toto
914 2553 1040 2624 pectore
1051 2543 1178 2624 precari.

324 2648 391 2708 lloc
411 2646 585 2728 negotiolo,
611 2653 648 2707 nt
665 2646 756 2707 fidem
777 2645 815 2705 de
835 2663 884 2704 me
904 2643 1050 2721 lacerem,
1072 2644 1179 2706 deluu-

281 2754 363 2823 ctus,
391 2747 473 2808 etin
492 2747 608 2828 patriae
628 2761 730 2808 coram
750 2745 919 2822 accinctus,
941 2748 1005 2825 jam
1026 2745 1057 2806 in
1077 2743 1179 2807 limine

282 2846 481 2926 deprehendi,
510 2846 563 2927 qni
590 2845 684 2908 rebus
707 2845 900 2908 restituendis
927 2844 1040 2910 admoti
1067 2852 1178 2923 essent,

281 2946 356 3008 nihil
381 2947 480 3008 minus
503 2964 593 3027 quam
618 2946 771 3008 restitutas
798 2946 877 3008 velle
906 2948 1046 3028 adeoque
1071 2964 1178 3008 corru-

272 3046 394 3127 ptionis
411 3047 568 3108 maximam
584 3055 701 3128 partem
717 3065 796 3124 esse,
813 3055 918 3127 utpote
939 3049 1049 3130 quihus
1066 3067 1104 3110 ex
1121 3049 1178 3110 hac

281 3155 457 3228 tempestate
483 3156 637 3210 sereretur
663 3153 902 3228 meteretnrque,
929 3155 959 3210 et
984 3149 1011 3212 si
1040 3149 1111 3231 quid
1138 3147 1176 3209 ah

282 3248 374 3310 exilio
385 3246 394 3282 ¹
404 3248 457 3324 ⁸⁴)
471 3248 572 3310 damni
586 3248 754 3325 accidisset,
776 3269 814 3310 ex
827 3247 962 3330 reliqniis
983 3250 1097 3312 uostris
1112 3269 1176 3311 sar-

283 3349 422 3412 ciendum
437 3349 601 3410 videretur.
633 3349 696 3410 Sed
716 3357 746 3412 et
767 3349 876 3431 quihus
891 3349 1046 3432 religionis
1062 3369 1177 3412 summa

284 3448 457 3512 concredita
478 3456 556 3525 erat,
583 3449 623 3510 ita
650 3449 775 3529 supinae
801 3450 955 3530 religionis
977 3459 1007 3514 et
1025 3452 1111 3513 laxam
1131 3451 1176 3512 vi-

283 3559 331 3612 tae
356 3550 470 3630 reperi,
502 3559 536 3612 nt
560 3572 579 3612 a
602 3549 684 3613 serio
711 3551 769 3614 Dei
795 3550 878 3614 cultu
903 3567 1080 3634 morumque
1105 3571 1176 3616 cen-
