3025 4409
472 452 700 521 conflagratamm
718 449 827 505 iconum
845 450 1001 521 descriptio.
1143 460 1179 518 71

294 612 329 673 tis
343 618 473 691 quatuor
487 608 648 686 majoribus
663 606 817 687 prophetis
826 607 959 682 justitiae
972 617 1002 669 et
1012 608 1181 671 misericor-

293 711 358 773 diae
379 710 494 771 divinae
515 708 722 788 praeconibus.
770 706 846 767 Norn
868 708 1064 787 evangelistae
1082 730 1181 771 sacra-

294 813 368 875 rium
384 817 611 889 occupauerant,
627 829 688 889 quo
704 808 790 869 etiam
805 808 898 869 lsaaci
911 808 1141 871 immolationem
1153 818 1183 871 et

295 914 401 975 Goliae
420 910 649 992 prostrationem
671 910 769 988 pictor
789 916 975 987 reposuerat.
1010 910 1070 971 Sed
1091 919 1123 971 et
1135 919 1183 971 to-

295 1014 351 1075 tius
372 1034 474 1073 sacrae
492 1010 616 1090 paginae
636 1009 692 1069 viri
714 1009 919 1089 foeminaeque
933 1007 1115 1073 celebriores
1130 1014 1182 1072 de-

294 1114 362 1175 bitis
377 1114 439 1175 suis
455 1111 559 1191 elogiis
574 1110 764 1171 imitationem
778 1110 991 1190 provocabant.
1015 1114 1111 1175 Jarrua
1125 1134 1185 1177 una

296 1215 501 1293 apostolorum
516 1211 653 1274 divisioni
666 1211 810 1272 destinata
824 1219 888 1273 erat
901 1218 930 1271 et
943 1212 981 1270 ad
991 1213 1092 1275 limina
1102 1215 1184 1275 loca-

296 1322 351 1389 tae,
366 1315 435 1375 hinc
449 1312 629 1393 simplicitas,
644 1313 819 1388 haereseon,
840 1313 921 1372 illinc
935 1313 1119 1389 sustinentia,
1139 1323 1185 1393 ty-

299 1416 428 1476 rannidis
452 1416 598 1475 victores:
625 1413 690 1474 aliis
718 1414 814 1493 portis
834 1412 922 1492 spatii
941 1413 1013 1473 nihil
1032 1415 1185 1494 superfuit.

299 1516 377 1575 llaec
396 1516 500 1575 affecta
521 1523 550 1575 et
563 1532 668 1593 magne
681 1522 765 1593 parte
779 1514 911 1593 perlecta
924 1514 1064 1576 laudabili
1079 1515 1186 1575 civium

299 1616 527 1694 promptitudine
547 1615 686 1693 templum
708 1615 955 1676 formosissimum
976 1615 1139 1675 reddebant
1151 1636 1188 1676 ac

300 1736 365 1775 cunr
384 1716 569 1795 paucissimis
589 1716 668 1777 circe
690 1734 746 1776 nos
769 1715 991 1777 conferendum.
1013 1740 1016 1745 ·
1034 1716 1096 1775 Sed
1115 1715 1186 1775 nihil

300 1826 356 1877 tam
370 1819 437 1877 Deo
457 1817 553 1895 placet
573 1838 659 1897 quem
681 1816 795 1875 animae
815 1815 941 1875 devotae
961 1816 1059 1875 cultus
1074 1822 1104 1875 et
1118 1816 1187 1875 fidel

298 1926 431 1993 ornatus
451 1937 527 1998 quae
547 1938 570 1979 s.
583 1916 718 1977 Trinitati
733 1914 941 1975 habitationem
954 1914 1188 1992 acceptissimam

299 2018 440 2079 efficiunt.
475 2017 637 2079 Abhorruit
657 2017 746 2096 igitur
766 2036 783 2074 a
801 2016 913 2078 uostris
928 2013 1084 2076 conatibus
1105 2014 1189 2075 dedi·

298 2127 465 2200 gnatusque
480 2126 525 2179 est
539 2119 643 2197 organi
663 2116 758 2177 melos
773 2115 955 2197 quicquid*)
970 2114 1121 2176 Christum
1135 2135 1188 2177 ex·

298 2232 383 2280 terna
404 2219 518 2298 pictura
540 2218 672 2278 referret.
726 2217 859 2278 Sombat
880 2217 957 2277 enim
978 2215 1051 2277 illud
1073 2203 1187 2277 divinas

298 2320 413 2395 laudes,
435 2319 489 2381 sed
507 2320 614 2381 affectu
633 2318 721 2397 plane
742 2318 870 2395 prolana
880 2316 1106 2396 juventutisque
1121 2337 1190 2378 cor-

299 2421 417 2500 ruptela
430 2420 678 2500 praesentissima.
714 2418 848 2479 Habebat
862 2417 948 2479 etiam
964 2418 1074 2479 Christi
1088 2427 1118 2479 et
1137 2438 1189 2479 na-

301 2521 413 2583 scentis
433 2529 462 2583 et
481 2542 499 2581 a
513 2521 607 2599 Magis
630 2520 730 2581 donati
750 2527 780 2579 et
798 2520 829 2579 in
844 2519 962 2581 coelum
977 2518 1075 2581 contis
1088 2538 1124 2579 ac
1138 2519 1190 2579 de-

301 2642 364 2683 nuo
383 2622 534 2683 redeuntis
553 2622 692 2701 pictureS,
712 2620 834 2681 Devidis
855 2621 977 2699 insuper
998 2620 1147 2698 cytharam
1162 2627 1192 2680 et

302 2731 456 2785 cantorum
470 2723 564 2802 ipsius
579 2730 751 2797 concentus,
766 2722 820 2782 aed
832 2722 938 2799 spiritu
954 2721 1051 2781 minus
1062 2719 1093 2779 in
1105 2718 1191 2779 Chri-

303 2830 381 2885 stum
393 2842 557 2903 propenso.
579 2822 727 2903 Quicquid
735 2826 796 2900 jam
808 2822 973 2896 laudamus,
983 2819 1192 2881 videmusDeo

304 2922 500 3003 displicuisse,
524 2944 590 2985 oum
609 2923 706 2984 animo
722 2924 871 2983 deformes
884 2922 1014 3000 lapidum
1028 2919 1191 2999 lignorum·

304 3044 363 3105 que
373 3024 603 3103 pictura,animo
614 3024 727 3085 sordidi
740 3023 842 3102 templi
850 3022 975 3096 cultura,
982 3021 1091 3100 pietate
1102 3039 1192 3099 egeu-

304 3133 349 3187 tes
375 3145 485 3205 pompe
505 3130 631 3185 ventosa
657 3132 686 3183 et
706 3124 837 3205 penicilli
858 3122 976 3184 luxurie
996 3124 1094 3182 Deum
1115 3121 1193 3199 capi,

305 3227 365 3289 iuro
379 3228 479 3288 verius
495 3224 591 3304 decipi
605 3244 696 3304 posse
711 3226 740 3286 in
756 3226 884 3285 animum
896 3221 1044 3283 duximus.
1072 3222 1194 3283 Placent

307 3328 425 3407 quidem
440 3326 562 3388 omnino
575 3330 641 3387 Deo
656 3337 761 3387 nostro
776 3323 934 3385 sanctuarii
946 3322 993 3383 sui
1006 3328 1192 3383 ornamenta:
1214 3382 1218 3385 .

309 3430 524 3525 *didicens
539 3454 616 3510 Vaih.
630 3455 661 3508 ll.
683 3454 846 3525 impressum
869 3452 909 3505 sio
932 3452 1026 3505 babet:
1060 3448 1196 3518 Quicquid

310 3524 445 3579 Christum
463 3530 576 3579 externo
595 3539 663 3577 sono
678 3529 832 3586 resonaret3
850 3519 1004 3589 abjecitque
1021 3518 1131 3573 colores
1147 3533 1198 3571 oo-

310 3600 396 3654 stros,
414 3591 541 3662 quioquid
559 3590 695 3645 Christum
712 3595 825 3645 externa
842 3588 949 3659 pictura
965 3592 1016 3641 cto,
