3025 4409
540 498 738 554 Defunctum
757 501 899 569 exequiae.
1111 511 1171 576 147

268 659 321 721 tali
344 659 434 720 etiem
456 656 486 716 in
508 662 613 716 tenere
633 655 752 718 dilectis
773 657 873 736 optio,
896 657 925 720 in
948 657 1093 741 brutalenu
1115 663 1171 726 du-

268 758 367 820 ritiem
395 758 568 837 degeneret.
617 756 736 836 Expiati
758 759 836 820 seria
858 759 1039 822 contritione
1059 769 1090 823 et
1111 763 1171 826 fide

267 862 297 922 iu
313 861 420 922 lesum
436 857 614 919 crucifixum
632 866 771 920 nostrum
785 868 941 940 concepta,
960 881 1046 924 sacra
1061 865 1170 942 synaxi

267 961 465 1025 convenimus
485 977 613 1020 numero
634 960 706 1045 bill.
723 959 841 1022 minore
861 981 948 1041 quam
971 979 1028 1040 pro
1049 962 1168 1026 deside·

265 1061 328 1137 rio,
356 1080 423 1122 cum
449 1059 608 1138 ingruente
632 1067 731 1122 turma
760 1061 891 1141 equestri
916 1061 1167 1142 dispergeremur.

264 1163 366 1224 Fuere
382 1160 433 1243 qui
450 1159 659 1222 obniterentur
672 1167 812 1241 tanquam
830 1163 935 1224 mortis
955 1162 1093 1226 viaticum
1116 1184 1168 1228 su-

266 1261 413 1342 scepturi3
436 1261 466 1322 in
481 1259 547 1322 aliis
563 1261 731 1340 praevaluit
744 1271 886 1341 expertae
901 1263 1083 1326 crudelitatis
1096 1265 1167 1328 bor-

266 1383 330 1426 ror.
360 1362 460 1424 Nemo
476 1362 588 1436 credat,
600 1368 743 1442 quantum
754 1364 961 1443 trepidationis
976 1365 1015 1428 sit
1028 1363 1059 1426 in
1076 1384 1167 1446 grege

264 1482 365 1543 nuper
383 1461 464 1542 lupis
490 1461 646 1542 exposito,
674 1483 756 1526 nunc
783 1463 920 1544 nuspiam
947 1465 1051 1528 clauso
1081 1474 1110 1530 et
1135 1467 1166 1530 iu

267 1571 383 1628 arctum
404 1583 590 1643 compresso.

307 1664 458 1746 Exeqrrias
479 1664 587 1726 ivimus
608 1663 757 1726 defunctis
778 1666 890 1728 nostris
919 1667 950 1728 3.
966 1668 1091 1745 Octob,
1114 1670 1167 1751 qui

264 1765 323 1828 viri
343 1769 398 1841 44,
415 1766 545 1843 jovenes
566 1767 601 1839 b,
623 1763 773 1843 peregrini
794 1767 829 1840 b,
853 1766 1000 1828 foeminae
1023 1769 1076 1844 1³,
1104 1769 1165 1832 vir-

265 1867 350 1947 gines
375 1868 413 1941 4,
440 1865 614 1945 impuberes
642 1870 673 1925 et
697 1863 825 1926 inientes
854 1869 895 1926 14
922 1866 1062 1928 recensiti
1084 1875 1164 1930 suut.

263 1967 405 2028 Flammis
429 1975 678 2047 consumptorum
704 1985 847 2028 nuuuerus
873 1967 1008 2028 nondum
1037 1974 1164 2044 conset,

264 2068 364 2130 minor
384 2074 483 2128 tamen
505 2088 595 2149 qnam
616 2087 674 2147 pro
695 2066 740 2128 rei
754 2065 912 2128 atrocitate
928 2066 1067 2130 creditur.
1097 2067 1163 2130 Nu-

264 2174 378 2228 merata
406 2176 477 2230 sunt
502 2177 573 2232 ante
599 2167 817 2232 desolationem
841 2174 976 2230 nostram
1000 2166 1098 2246 capita
1119 2168 1164 2230 oi-

264 2267 405 2330 ficialium
425 2273 482 2343 11,
510 2268 620 2350 quibus
647 2269 752 2332 decem
780 2270 942 2348 conjuges,
969 2265 1079 2330 civium
1100 2268 1163 2332 602

265 2371 420 2432 1111111577
447 2369 608 2444 uxoribus,
640 2370 799 2434 viduarum
826 2371 902 2445 117,
929 2369 1102 2434 adultorum
1132 2378 1164 2436 et

263 2468 451 2548 impuberum
475 2469 641 2534 liberorum
668 2474 766 2546 1815,
792 2490 950 2536 servorum
971 2491 1040 2534 cum
1060 2471 1163 2552 pueris

264 2570 336 2645 tut,
357 2571 532 2634 ancillarum
552 2573 623 2647 211,
644 2572 676 2634 in
691 2572 865 2652 leprosorio
879 2575 909 2648 9,
932 2573 1054 2636 exulum
1065 2573 1163 2636 Sven-

263 2669 452 2750 niugensium
478 2673 534 2749 37,
561 2692 600 2734 ex
626 2673 736 2754 quibus
763 2681 839 2756 quot
866 2674 972 2755 etqui
1000 2672 1163 2754 supersint,

264 2772 348 2836 Deus
368 2772 454 2834 novit
471 2795 509 2836 ac
530 2774 595 2838 dies
616 2775 745 2852 docebit,
767 2796 835 2838 curn
851 2775 1016 2838 indiverso
1032 2773 1163 2855 dispersi

263 2891 322 2934 uos
341 2880 476 2936 mutuum
496 2874 680 2954 ignoremus.
711 2875 873 2938 Caeterum
894 2875 1040 2942 undenus
1056 2876 1164 2954 judicii

183 2997 187 3002 ⁴
264 2973 355 3037 divini
368 2976 433 3052 fuit,
454 2976 565 3039 multos
585 2996 623 3038 ex
636 2977 682 3054 iis,
698 2977 752 3061 qui
766 2975 879 3038 bellum
897 2975 1020 3042 Christo
1038 2977 1163 3042 clancu-

263 3074 326 3136 lurn
350 3086 510 3140 moverunt
533 3086 625 3159 caput
643 3078 739 3157 nivei,
766 3083 873 3158 pectus
894 3079 965 3156 utri,
986 3079 1053 3142 diro
1074 3080 1161 3162 quasi

265 3175 412 3255 supplicio
430 3178 590 3257 interiisse,
610 3202 680 3245 cum
701 3187 821 3242 coetero
842 3178 977 3246 insontes
999 3181 1162 3248 crederen-

263 3283 329 3354 tur,
357 3286 460 3360 stupra
488 3282 609 3360 tulisse,
633 3282 778 3365 quiante
799 3281 909 3361 pudori
929 3282 1028 3348 miuus
1049 3301 1161 3346 cousu-

262 3377 393 3457 luerunt,
412 3400 487 3462 opes
500 3385 671 3450 evomuisse
685 3382 842 3465 peculatus
856 3383 1029 3464 suspicione
1048 3390 1170 3464 partas.

263 3477 304 3540 sd
322 3479 448 3545 choreas
468 3487 557 3551 nudis
571 3488 662 3552 etiam
678 3485 807 3567 pedibus
825 3491 861 3546 et.
870 3485 1018 3564 ejulantes
1028 3485 1160 3559 aucas,

264 3579 373 3660 σιὼ
402 3603 555 3670 utinquam
583 3589 725 3652 lasciviae
759 3586 830 3650 olim
860 3587 983 3652 satem
1014 3592 1092 3661 erat,
1123 3603 1160 3646 ac

898 3687 961 3752 1⁰*
