3025 4409
493 500 594 570 Majeri
610 505 638 555 et
655 499 787 569 Collegae
804 499 932 570 nequitia
1100 509 1161 572 129

265 657 425 738 professus
445 675 464 716 a
482 655 645 717 Wilhelmo
667 655 828 719 Gmehlino
848 657 916 720 viro
936 657 988 737 pio
1009 663 1040 720 et
1059 676 1161 721 rerum

263 759 406 840 utrinque
427 777 521 836 gnaro
542 757 587 818 sic
607 758 743 836 placatus
765 767 826 834 est,
851 765 886 820 ut
905 757 954 818 del
975 757 1091 820 nolenti
1111 778 1160 821 se-

261 859 365 922 verior
383 878 499 920 morum
514 877 643 918 censura
661 857 852 937 suscipienda
873 864 903 920 et
922 859 1089 938 praesentis
1110 880 1159 922 ca-

260 959 401 1020 lamitatis
428 958 505 1020 ratio
530 957 667 1018 habenda
695 958 794 1021 iuuerit.
844 960 909 1038 Ego
936 966 1033 1022 tamen
1061 962 1159 1022 deter-

261 1059 368 1139 gendis
393 1060 518 1121 maculis
544 1059 702 1139 spongiam
723 1063 786 1137 jam
814 1059 969 1138 parabam,
998 1081 1067 1123 cum
1088 1081 1160 1123 ecoe

261 1160 473 1238 antesignanus
496 1159 616 1240 qnidam
643 1161 731 1237 hujus
756 1159 857 1220 illatae
884 1161 1083 1224 contumeliae
1102 1161 1160 1224 Dei

262 1279 352 1321 manu
371 1266 469 1320 tactus
490 1259 590 1321 subito
608 1259 737 1331 corruit;
759 1260 842 1340 quod
859 1266 893 1321 ut
914 1261 1016 1324 socios
1033 1262 1160 1324 immane

262 1368 406 1442 quantum
427 1361 644 1437 consternavit,
671 1361 712 1422 ita
731 1380 780 1422 me
799 1361 879 1422 haud
899 1363 1091 1426 mediocriter
1110 1383 1160 1426 re-

262 1460 333 1522 fecit
354 1467 384 1520 et
399 1460 546 1537 judicium
566 1461 689 1522 Domini
710 1468 870 1542 expectare
892 1463 1004 1526 docuit.
1051 1462 1099 1524 Ab
1121 1481 1159 1526 eo

261 1570 398 1642 tempore
425 1561 614 1642 quantumvis
640 1581 709 1623 cum
735 1562 855 1624 fremitu
877 1561 1019 1642 quievere
1040 1563 1159 1643 aemuli,

262 1664 316 1725 sed
337 1681 408 1724 mox
429 1663 589 1724 excitatum
610 1669 657 1724 est
675 1662 747 1722 mihi
772 1661 855 1724 alind
875 1663 1026 1742 flagellum
1045 1665 1158 1726 lolian-

261 1784 316 1826 nes
337 1763 485 1841 lllajerus,
506 1763 568 1824 lixa
587 1762 688 1843 potius
709 1781 798 1842 quam
824 1762 925 1839 miles,
951 1763 1155 1843 profligatissi-

262 1865 440 1940 ninevitae,
462 1872 493 1924 et
512 1883 601 1944 quern
620 1882 678 1923 nec
698 1863 848 1924 hominem
868 1881 926 1924 nec
947 1862 1082 1936 beluam,
1104 1866 1157 1926 sed

262 1967 390 2028 Satanae
403 1964 557 2026 induvium
571 1964 737 2026 rectissime
750 1962 879 2024 dixeris:
901 1963 1062 2041 cynaeduS,
1074 1964 1157 2043 gulo,

261 2087 375 2140 scurra,
385 2065 587 2145 blasphemus,
598 2065 735 2140 mendax,
746 2063 893 2144 proditor,
913 2063 1034 2136 atheus,
1056 2064 1158 2126 habuit

261 2176 375 2242 tamen,
402 2167 454 2247 qui
479 2186 547 2228 eum
573 2166 644 2227 vino
666 2165 800 2247 quotidie
822 2164 957 2226 eluerent
977 2172 1007 2225 et
1028 2183 1157 2245 quornm

262 2268 384 2330 delicias
406 2268 557 2346 impietate
578 2286 633 2328 sua
652 2267 798 2328 condiret.
842 2264 871 2325 ls
899 2285 968 2326 cum
1000 2283 1157 2328 sacrosan-

262 2377 325 2431 ctas
357 2369 445 2430 etiam
479 2366 591 2430 Christi
623 2367 727 2446 epulas
757 2365 876 2447 polluto
909 2383 963 2426 ore
996 2365 1158 2444 prolanan-

263 2471 316 2538 das
342 2469 400 2532 sibi
422 2469 572 2549 petiisset,
605 2487 772 2548 suspensus
799 2488 817 2528 a
841 2485 889 2526 me
916 2485 1005 2547 quam
1030 2465 1158 2530 debebat

262 2570 500 2634 emendationem
515 2569 547 2630 in
563 2569 698 2630 furorem
714 2567 864 2630 convertit
882 2572 912 2626 et
929 2585 1053 2628 arcanas
1069 2585 1157 2646 prae-

261 2672 332 2735 lecti
352 2672 412 2733 iras
431 2677 522 2752 atque
541 2667 691 2730 machinas
712 2689 773 2749 qua
797 2674 843 2730 est
863 2665 1000 2726 futilitate
1024 2667 1158 2748 undique

263 2772 435 2853 publicavit.
476 2772 558 2831 lnter
578 2772 652 2830 haec
672 2769 780 2847 flagra,
809 2767 907 2847 qualia
926 2767 1032 2848 viginti
1050 2767 1159 2830 abhinc

183 2895 188 2902 ·
263 2873 350 2934 annis
362 2891 424 2932 non
436 2891 504 2932 sum
516 2878 659 2950 expertus
671 2879 701 2930 et
714 2868 764 2930 cui
775 2867 868 2930 lalsus
882 2867 987 2930 irater¹
999 2864 1049 2944 ³⁴)
1064 2867 1158 2946 pluri-

263 2994 344 3035 mum
356 2973 498 3034 momenti
514 2971 649 3043 contulit,
669 2969 742 3030 nibil
763 2968 899 3030 turbatus
917 2970 1006 3031 vitam
1022 2968 1158 3046 toleravi,

263 3075 357 3136 nihilo
378 3074 407 3134 in
429 3073 587 3152 disciplina
606 3068 803 3132 custodienda
823 3068 993 3145 remissior,
1028 3069 1157 3132 fortasse

265 3176 352 3236 etiarn
373 3173 499 3236 stimulis
521 3173 602 3234 hisce
623 3170 788 3244 incitatior,
819 3170 873 3230 sed
895 3170 982 3232 etiam
1002 3170 1033 3231 in
1061 3169 1158 3232 eccle-

264 3276 326 3336 siae
352 3282 490 3336 ornatum
518 3292 619 3336 sacras
646 3271 721 3332 odas
747 3269 874 3331 vocibus
901 3279 1030 3352 quatuor
1056 3271 1158 3332 conci-

264 3374 379 3436 nendas
406 3375 638 3454 (suppeditante
668 3372 777 3434 modos
809 3369 1008 3450 elegantiores
1034 3367 1159 3432 Daniele

237 3549 244 3564 ,
266 3474 416 3552 ilitzlero)
436 3477 517 3555 typis
538 3471 668 3539 exscribi
688 3470 807 3547 curavi,
828 3470 914 3536 irrito
936 3478 1055 3547 conatu,
1077 3468 1159 3550 quod

989 3575 1012 3634 9
