<?xml version="1.0" encoding="UTF-8"?>
<!DOCTYPE html PUBLIC "-//W3C//DTD XHTML 1.0 Transitional//EN"
    "http://www.w3.org/TR/xhtml1/DTD/xhtml1-transitional.dtd">
<html xmlns="http://www.w3.org/1999/xhtml" xml:lang="en" lang="en">
 <head>
  <title>
</title>
<meta http-equiv="Content-Type" content="text/html;charset=utf-8" />
  <meta name='ocr-system' content='tesseract 3.04.00' />
  <meta name='ocr-capabilities' content='ocr_page ocr_carea ocr_par ocr_line ocrx_word'/>
</head>
<body>
  <div class='ocr_page' id='page_1' title='image "./ioannisvalentin00andrgoog_0030.png"; bbox 0 0 3025 4409; ppageno 0'>
   <div class='ocr_carea' id='block_1_1' title="bbox 324 474 943 545">
    <p class='ocr_par' dir='ltr' id='par_1_1' title="bbox 324 474 943 545">
     <span class='ocr_line' id='line_1_1' title="bbox 324 474 943 545; baseline -0.005 -15"><span class='ocrx_word' id='word_1_1' title='bbox 324 484 366 545; x_wconf 72' lang='lat'>20</span> <span class='ocrx_word' id='word_1_2' title='bbox 604 474 687 529; x_wconf 71' lang='lat' dir='ltr'>arser</span> <span class='ocrx_word' id='word_1_3' title='bbox 703 476 722 529; x_wconf 89' lang='lat'>1.</span> <span class='ocrx_word' id='word_1_4' title='bbox 759 474 943 530; x_wconf 75' lang='lat' dir='ltr'>ism-tota</span> 
     </span>
    </p>
   </div>
   <div class='ocr_carea' id='block_1_2' title="bbox 325 631 1228 717">
    <p class='ocr_par' dir='ltr' id='par_1_2' title="bbox 325 631 1228 717">
     <span class='ocr_line' id='line_1_2' title="bbox 325 631 1228 717; baseline -0.006 -20"><span class='ocrx_word' id='word_1_5' title='bbox 325 636 431 717; x_wconf 85' lang='lat' dir='ltr'>gyrico</span> <span class='ocrx_word' id='word_1_6' title='bbox 452 633 537 711; x_wconf 88' lang='lat' dir='ltr'>meo)</span> <span class='ocrx_word' id='word_1_7' title='bbox 558 632 754 709; x_wconf 78' lang='lat' dir='ltr'>memorabili,</span> <span class='ocrx_word' id='word_1_8' title='bbox 776 633 940 695; x_wconf 82' lang='lat' dir='ltr'>liberaliter</span> <span class='ocrx_word' id='word_1_9' title='bbox 960 631 1078 692; x_wconf 89' lang='lat' dir='ltr'>babitus</span> <span class='ocrx_word' id='word_1_10' title='bbox 1099 640 1130 693; x_wconf 89' lang='lat' dir='ltr'>et</span> <span class='ocrx_word' id='word_1_11' title='bbox 1150 632 1228 693; x_wconf 87' lang='lat' dir='ltr'>mul-</span> 
     </span>
    </p>
   </div>
   <div class='ocr_carea' id='block_1_3' title="bbox 321 733 1287 3626">
    <p class='ocr_par' dir='ltr' id='par_1_3' title="bbox 321 733 1255 2605">
     <span class='ocr_line' id='line_1_3' title="bbox 325 733 1255 815; baseline -0.004 -18"><span class='ocrx_word' id='word_1_12' title='bbox 325 744 424 798; x_wconf 88' lang='lat' dir='ltr'>torum</span> <span class='ocrx_word' id='word_1_13' title='bbox 440 736 586 797; x_wconf 78' lang='lat' dir='ltr'>amicitiae</span> <span class='ocrx_word' id='word_1_14' title='bbox 604 737 744 808; x_wconf 85' lang='lat' dir='ltr'>insertus,</span> <span class='ocrx_word' id='word_1_15' title='bbox 763 754 841 815; x_wconf 87' lang='lat' dir='ltr'>quae</span> <span class='ocrx_word' id='word_1_16' title='bbox 856 754 906 794; x_wconf 90' lang='lat' dir='ltr'>res</span> <span class='ocrx_word' id='word_1_17' title='bbox 920 733 1139 812; x_wconf 77' lang='lat' dir='ltr'>propemodum</span> <span class='ocrx_word' id='word_1_18' title='bbox 1153 752 1228 793; x_wconf 88' lang='lat' dir='ltr'>con-</span> <span class='ocrx_word' id='word_1_19' title='bbox 1252 748 1255 756; x_wconf 86' lang='lat'>·</span> 
     </span>
     <span class='ocr_line' id='line_1_4' title="bbox 321 834 1228 915; baseline -0.007 -18"><span class='ocrx_word' id='word_1_20' title='bbox 321 836 399 915; x_wconf 85' lang='lat' dir='ltr'>jogli</span> <span class='ocrx_word' id='word_1_21' title='bbox 419 846 453 897; x_wconf 90' lang='lat' dir='ltr'>ut</span> <span class='ocrx_word' id='word_1_22' title='bbox 474 843 507 895; x_wconf 94' lang='lat' dir='ltr'>ut</span> <span class='ocrx_word' id='word_1_23' title='bbox 525 835 749 898; x_wconf 82' lang='lat' dir='ltr'>honoratissimi</span> <span class='ocrx_word' id='word_1_24' title='bbox 771 835 933 914; x_wconf 79' lang='lat' dir='ltr'>compedes</span> <span class='ocrx_word' id='word_1_25' title='bbox 954 835 1116 910; x_wconf 84' lang='lat' dir='ltr'>injecisset,</span> <span class='ocrx_word' id='word_1_26' title='bbox 1138 834 1228 894; x_wconf 89' lang='lat' dir='ltr'>seda</span> 
     </span>
     <span class='ocr_line' id='line_1_5' title="bbox 326 934 1228 1018; baseline -0.007 -19"><span class='ocrx_word' id='word_1_27' title='bbox 326 937 436 1018; x_wconf 89' lang='lat' dir='ltr'>quibus</span> <span class='ocrx_word' id='word_1_28' title='bbox 457 935 515 995; x_wconf 87' lang='lat' dir='ltr'>Dei</span> <span class='ocrx_word' id='word_1_29' title='bbox 534 935 724 1015; x_wconf 87' lang='lat' dir='ltr'>providentia</span> <span class='ocrx_word' id='word_1_30' title='bbox 747 936 807 996; x_wconf 89' lang='lat' dir='ltr'>alio</span> <span class='ocrx_word' id='word_1_31' title='bbox 828 934 978 1008; x_wconf 88' lang='lat' dir='ltr'>evocavit,</span> <span class='ocrx_word' id='word_1_32' title='bbox 1000 954 1057 993; x_wconf 88' lang='lat' dir='ltr'>uec</span> <span class='ocrx_word' id='word_1_33' title='bbox 1071 936 1150 996; x_wconf 88' lang='lat' dir='ltr'>enim</span> <span class='ocrx_word' id='word_1_34' title='bbox 1167 934 1228 994; x_wconf 90' lang='lat' dir='ltr'>vita</span> 
     </span>
     <span class='ocr_line' id='line_1_6' title="bbox 325 1034 1227 1117; baseline -0.004 -18"><span class='ocrx_word' id='word_1_35' title='bbox 325 1038 396 1099; x_wconf 91' lang='lat' dir='ltr'>mibi</span> <span class='ocrx_word' id='word_1_36' title='bbox 416 1046 450 1097; x_wconf 92' lang='lat' dir='ltr'>ut</span> <span class='ocrx_word' id='word_1_37' title='bbox 469 1035 536 1095; x_wconf 89' lang='lat' dir='ltr'>aliis</span> <span class='ocrx_word' id='word_1_38' title='bbox 558 1036 664 1096; x_wconf 90' lang='lat' dir='ltr'>eodem</span> <span class='ocrx_word' id='word_1_39' title='bbox 685 1044 793 1097; x_wconf 89' lang='lat' dir='ltr'>tenore</span> <span class='ocrx_word' id='word_1_40' title='bbox 813 1056 944 1117; x_wconf 89' lang='lat' dir='ltr'>unquam</span> <span class='ocrx_word' id='word_1_41' title='bbox 969 1035 1062 1114; x_wconf 89' lang='lat' dir='ltr'>lapsa,</span> <span class='ocrx_word' id='word_1_42' title='bbox 1085 1034 1139 1095; x_wconf 90' lang='lat' dir='ltr'>sed</span> <span class='ocrx_word' id='word_1_43' title='bbox 1160 1034 1227 1095; x_wconf 86' lang='lat' dir='ltr'>aliis</span> 
     </span>
     <span class='ocr_line' id='line_1_7' title="bbox 325 1133 1228 1218; baseline -0.007 -19"><span class='ocrx_word' id='word_1_44' title='bbox 325 1148 415 1218; x_wconf 88' lang='lat' dir='ltr'>atque</span> <span class='ocrx_word' id='word_1_45' title='bbox 428 1136 494 1195; x_wconf 89' lang='lat' dir='ltr'>aliis</span> <span class='ocrx_word' id='word_1_46' title='bbox 509 1135 730 1197; x_wconf 85' lang='lat' dir='ltr'>diversionibus</span> <span class='ocrx_word' id='word_1_47' title='bbox 745 1137 873 1197; x_wconf 86' lang='lat' dir='ltr'>subinde</span> <span class='ocrx_word' id='word_1_48' title='bbox 886 1135 1028 1195; x_wconf 89' lang='lat' dir='ltr'>intercisa</span> <span class='ocrx_word' id='word_1_49' title='bbox 1044 1145 1099 1195; x_wconf 88' lang='lat' dir='ltr'>est.</span> <span class='ocrx_word' id='word_1_50' title='bbox 1138 1133 1228 1194; x_wconf 86' lang='lat' dir='ltr'>Circa</span> 
     </span>
     <span class='ocr_line' id='line_1_8' title="bbox 326 1232 1227 1314; baseline -0.007 -15"><span class='ocrx_word' id='word_1_51' title='bbox 326 1238 403 1299; x_wconf 92' lang='lat' dir='ltr'>idem</span> <span class='ocrx_word' id='word_1_52' title='bbox 426 1245 543 1314; x_wconf 85' lang='lat' dir='ltr'>tempus</span> <span class='ocrx_word' id='word_1_53' title='bbox 566 1236 776 1297; x_wconf 83' lang='lat' dir='ltr'>conciliatione</span> <span class='ocrx_word' id='word_1_54' title='bbox 798 1237 867 1299; x_wconf 79' lang='lat' dir='ltr'>doli.</span> <span class='ocrx_word' id='word_1_55' title='bbox 888 1236 1025 1295; x_wconf 89' lang='lat' dir='ltr'>Visoheri</span> <span class='ocrx_word' id='word_1_56' title='bbox 1046 1232 1154 1309; x_wconf 87' lang='lat' dir='ltr'>aitinis,</span> <span class='ocrx_word' id='word_1_57' title='bbox 1175 1254 1227 1313; x_wconf 88' lang='lat' dir='ltr'>pa·</span> 
     </span>
     <span class='ocr_line' id='line_1_9' title="bbox 326 1334 1227 1411; baseline -0.006 -12"><span class='ocrx_word' id='word_1_58' title='bbox 326 1337 417 1399; x_wconf 86' lang='lat' dir='ltr'>storis</span> <span class='ocrx_word' id='word_1_59' title='bbox 439 1334 567 1408; x_wconf 88' lang='lat' dir='ltr'>emeriti,</span> <span class='ocrx_word' id='word_1_60' title='bbox 596 1336 713 1395; x_wconf 90' lang='lat' dir='ltr'>innotui</span> <span class='ocrx_word' id='word_1_61' title='bbox 735 1335 850 1397; x_wconf 84' lang='lat' dir='ltr'>Tobiae</span> <span class='ocrx_word' id='word_1_62' title='bbox 872 1335 1046 1411; x_wconf 78' lang='lat' dir='ltr'>lless0⁶⁰),</span> <span class='ocrx_word' id='word_1_63' title='bbox 1072 1336 1140 1395; x_wconf 89' lang='lat' dir='ltr'>viro</span> <span class='ocrx_word' id='word_1_64' title='bbox 1161 1354 1227 1395; x_wconf 91' lang='lat' dir='ltr'>om-</span> 
     </span>
     <span class='ocr_line' id='line_1_10' title="bbox 326 1436 1227 1517; baseline -0.006 -18"><span class='ocrx_word' id='word_1_65' title='bbox 326 1439 434 1517; x_wconf 89' lang='lat' dir='ltr'>nigena</span> <span class='ocrx_word' id='word_1_66' title='bbox 454 1455 556 1497; x_wconf 85' lang='lat' dir='ltr'>rerum</span> <span class='ocrx_word' id='word_1_67' title='bbox 577 1436 750 1514; x_wconf 86' lang='lat' dir='ltr'>cognitione</span> <span class='ocrx_word' id='word_1_68' title='bbox 782 1446 812 1497; x_wconf 91' lang='lat' dir='ltr'>et</span> <span class='ocrx_word' id='word_1_69' title='bbox 840 1436 955 1497; x_wconf 81' lang='lat' dir='ltr'>fervida</span> <span class='ocrx_word' id='word_1_70' title='bbox 981 1437 1090 1514; x_wconf 88' lang='lat' dir='ltr'>pietate</span> <span class='ocrx_word' id='word_1_71' title='bbox 1112 1437 1227 1495; x_wconf 86' lang='lat' dir='ltr'>incom-</span> 
     </span>
     <span class='ocr_line' id='line_1_11' title="bbox 326 1536 1226 1618; baseline -0.004 -19"><span class='ocrx_word' id='word_1_72' title='bbox 326 1536 452 1618; x_wconf 87' lang='lat' dir='ltr'>parabili</span> <span class='ocrx_word' id='word_1_73' title='bbox 477 1547 507 1596; x_wconf 89' lang='lat' dir='ltr'>et</span> <span class='ocrx_word' id='word_1_74' title='bbox 528 1536 635 1596; x_wconf 84' lang='lat' dir='ltr'>exinde</span> <span class='ocrx_word' id='word_1_75' title='bbox 657 1536 952 1611; x_wconf 80' lang='lat' dir='ltr'>Abralr.Hoelzelio‚</span> <span class='ocrx_word' id='word_1_76' title='bbox 975 1536 1068 1615; x_wconf 89' lang='lat' dir='ltr'>equiti</span> <span class='ocrx_word' id='word_1_77' title='bbox 1092 1536 1226 1609; x_wconf 82' lang='lat' dir='ltr'>Austrio,</span> 
     </span>
     <span class='ocr_line' id='line_1_12' title="bbox 326 1634 1228 1720; baseline -0.006 -21"><span class='ocrx_word' id='word_1_78' title='bbox 326 1638 436 1720; x_wconf 89' lang='lat' dir='ltr'>quibus</span> <span class='ocrx_word' id='word_1_79' title='bbox 458 1656 526 1696; x_wconf 89' lang='lat' dir='ltr'>rara</span> <span class='ocrx_word' id='word_1_80' title='bbox 547 1637 721 1707; x_wconf 87' lang='lat' dir='ltr'>admodum,</span> <span class='ocrx_word' id='word_1_81' title='bbox 751 1638 805 1697; x_wconf 90' lang='lat' dir='ltr'>sed</span> <span class='ocrx_word' id='word_1_82' title='bbox 827 1658 899 1698; x_wconf 89' lang='lat' dir='ltr'>vere</span> <span class='ocrx_word' id='word_1_83' title='bbox 920 1635 1080 1696; x_wconf 86' lang='lat' dir='ltr'>christiana</span> <span class='ocrx_word' id='word_1_84' title='bbox 1099 1634 1228 1695; x_wconf 90' lang='lat' dir='ltr'>amicitia</span> 
     </span>
     <span class='ocr_line' id='line_1_13' title="bbox 325 1736 1227 1818; baseline -0.008 -17"><span class='ocrx_word' id='word_1_85' title='bbox 325 1747 460 1801; x_wconf 88' lang='lat' dir='ltr'>mutuum</span> <span class='ocrx_word' id='word_1_86' title='bbox 482 1737 643 1809; x_wconf 88' lang='lat' dir='ltr'>connexis,</span> <span class='ocrx_word' id='word_1_87' title='bbox 672 1736 779 1796; x_wconf 90' lang='lat' dir='ltr'>mirum</span> <span class='ocrx_word' id='word_1_88' title='bbox 805 1758 893 1818; x_wconf 87' lang='lat' dir='ltr'>quam</span> <span class='ocrx_word' id='word_1_89' title='bbox 913 1736 1143 1799; x_wconf 86' lang='lat' dir='ltr'>malevolentiae</span> <span class='ocrx_word' id='word_1_90' title='bbox 1162 1741 1227 1795; x_wconf 88' lang='lat' dir='ltr'>tur-</span> 
     </span>
     <span class='ocr_line' id='line_1_14' title="bbox 325 1826 1228 1903; baseline -0.008 -1"><span class='ocrx_word' id='word_1_91' title='bbox 325 1842 412 1903; x_wconf 85' lang='lat' dir='ltr'>bines</span> <span class='ocrx_word' id='word_1_92' title='bbox 440 1847 469 1899; x_wconf 90' lang='lat' dir='ltr'>et</span> <span class='ocrx_word' id='word_1_93' title='bbox 495 1838 711 1899; x_wconf 89' lang='lat' dir='ltr'>oalumniarum</span> <span class='ocrx_word' id='word_1_94' title='bbox 740 1837 832 1898; x_wconf 92' lang='lat' dir='ltr'>nimbi</span> <span class='ocrx_word' id='word_1_95' title='bbox 864 1840 1023 1899; x_wconf 89' lang='lat' dir='ltr'>adversum</span> <span class='ocrx_word' id='word_1_96' title='bbox 1056 1826 1228 1899; x_wconf 85' lang='lat' dir='ltr'>obstiterint</span> 
     </span>
     <span class='ocr_line' id='line_1_15' title="bbox 325 1938 1228 2022; baseline -0.006 -19"><span class='ocrx_word' id='word_1_97' title='bbox 325 1950 415 2022; x_wconf 89' lang='lat' dir='ltr'>atque</span> <span class='ocrx_word' id='word_1_98' title='bbox 443 1960 491 2000; x_wconf 90' lang='lat' dir='ltr'>me</span> <span class='ocrx_word' id='word_1_99' title='bbox 516 1938 651 2018; x_wconf 84' lang='lat' dir='ltr'>inprimis</span> <span class='ocrx_word' id='word_1_100' title='bbox 679 1939 870 2016; x_wconf 86' lang='lat' dir='ltr'>exagitarint;</span> <span class='ocrx_word' id='word_1_101' title='bbox 904 1959 993 2019; x_wconf 91' lang='lat' dir='ltr'>quam</span> <span class='ocrx_word' id='word_1_102' title='bbox 1020 1958 1140 1999; x_wconf 91' lang='lat' dir='ltr'>omnem</span> <span class='ocrx_word' id='word_1_103' title='bbox 1166 1945 1228 1998; x_wconf 88' lang='lat' dir='ltr'>tra-</span> 
     </span>
     <span class='ocr_line' id='line_1_16' title="bbox 325 2034 1228 2123; baseline -0.008 -19"><span class='ocrx_word' id='word_1_104' title='bbox 325 2042 477 2123; x_wconf 89' lang='lat' dir='ltr'>goediam,</span> <span class='ocrx_word' id='word_1_105' title='bbox 505 2038 646 2119; x_wconf 89' lang='lat' dir='ltr'>quoniam</span> <span class='ocrx_word' id='word_1_106' title='bbox 668 2039 828 2115; x_wconf 90' lang='lat' dir='ltr'>injustam</span> <span class='ocrx_word' id='word_1_107' title='bbox 849 2039 1028 2117; x_wconf 84' lang='lat' dir='ltr'>Apologiam</span> <span class='ocrx_word' id='word_1_108' title='bbox 1050 2040 1133 2098; x_wconf 86' lang='grc'>1613</span> <span class='ocrx_word' id='word_1_109' title='bbox 1154 2034 1228 2099; x_wconf 71' lang='lat' dir='ltr'>con&#39;-</span> 
     </span>
     <span class='ocr_line' id='line_1_17' title="bbox 321 2138 1228 2222; baseline -0.007 -18"><span class='ocrx_word' id='word_1_110' title='bbox 321 2145 393 2222; x_wconf 87' lang='lat' dir='ltr'>jeci,</span> <span class='ocrx_word' id='word_1_111' title='bbox 415 2161 477 2202; x_wconf 92' lang='lat' dir='ltr'>non</span> <span class='ocrx_word' id='word_1_112' title='bbox 498 2140 546 2199; x_wconf 86' lang='lat' dir='ltr'>hio</span> <span class='ocrx_word' id='word_1_113' title='bbox 567 2138 673 2198; x_wconf 86' lang='lat' dir='ltr'>iterum</span> <span class='ocrx_word' id='word_1_114' title='bbox 696 2138 778 2197; x_wconf 88' lang='lat' dir='ltr'>velut</span> <span class='ocrx_word' id='word_1_115' title='bbox 797 2138 941 2216; x_wconf 82' lang='lat' dir='ltr'>ingratam</span> <span class='ocrx_word' id='word_1_116' title='bbox 961 2138 1140 2198; x_wconf 88' lang='lat' dir='ltr'>camarinam</span> <span class='ocrx_word' id='word_1_117' title='bbox 1161 2158 1228 2199; x_wconf 91' lang='lat' dir='ltr'>mo-</span> 
     </span>
     <span class='ocr_line' id='line_1_18' title="bbox 325 2237 1228 2317; baseline -0.007 -13"><span class='ocrx_word' id='word_1_118' title='bbox 325 2262 393 2305; x_wconf 88' lang='lat' dir='ltr'>veo.</span> <span class='ocrx_word' id='word_1_119' title='bbox 436 2240 527 2301; x_wconf 88' lang='lat' dir='ltr'>Certe</span> <span class='ocrx_word' id='word_1_120' title='bbox 554 2237 580 2297; x_wconf 91' lang='lat' dir='ltr'>si</span> <span class='ocrx_word' id='word_1_121' title='bbox 610 2237 772 2317; x_wconf 89' lang='lat' dir='ltr'>quidquam</span> <span class='ocrx_word' id='word_1_122' title='bbox 800 2239 829 2298; x_wconf 92' lang='lat' dir='ltr'>in</span> <span class='ocrx_word' id='word_1_123' title='bbox 855 2239 916 2298; x_wconf 85' lang='lat' dir='ltr'>vita</span> <span class='ocrx_word' id='word_1_124' title='bbox 942 2240 1050 2300; x_wconf 87' lang='lat' dir='ltr'>darum</span> <span class='ocrx_word' id='word_1_125' title='bbox 1071 2259 1107 2299; x_wconf 88' lang='lat' dir='ltr'>ac</span> <span class='ocrx_word' id='word_1_126' title='bbox 1131 2238 1228 2299; x_wconf 90' lang='lat' dir='ltr'>mole-</span> 
     </span>
     <span class='ocr_line' id='line_1_19' title="bbox 325 2336 1227 2418; baseline -0.007 -13"><span class='ocrx_word' id='word_1_127' title='bbox 325 2351 404 2405; x_wconf 81' lang='lat' dir='ltr'>&#39;stum</span> <span class='ocrx_word' id='word_1_128' title='bbox 426 2340 497 2401; x_wconf 89' lang='lat' dir='ltr'>mibi</span> <span class='ocrx_word' id='word_1_129' title='bbox 517 2337 634 2411; x_wconf 87' lang='lat' dir='ltr'>accidit,</span> <span class='ocrx_word' id='word_1_130' title='bbox 654 2336 801 2397; x_wconf 88' lang='lat' dir='ltr'>amicitiae</span> <span class='ocrx_word' id='word_1_131' title='bbox 815 2338 1010 2400; x_wconf 86' lang='lat' dir='ltr'>lloelzleniae</span> <span class='ocrx_word' id='word_1_132' title='bbox 1030 2340 1160 2418; x_wconf 90' lang='lat' dir='ltr'>pretium</span> <span class='ocrx_word' id='word_1_133' title='bbox 1183 2340 1227 2399; x_wconf 87' lang='lat' dir='ltr'>la-</span> 
     </span>
     <span class='ocr_line' id='line_1_20' title="bbox 326 2437 1228 2520; baseline -0.004 -15"><span class='ocrx_word' id='word_1_134' title='bbox 326 2443 385 2505; x_wconf 91' lang='lat' dir='ltr'>oile</span> <span class='ocrx_word' id='word_1_135' title='bbox 410 2437 581 2520; x_wconf 87' lang='lat' dir='ltr'>primarium</span> <span class='ocrx_word' id='word_1_136' title='bbox 608 2445 669 2510; x_wconf 88' lang='lat' dir='ltr'>est,</span> <span class='ocrx_word' id='word_1_137' title='bbox 696 2438 750 2497; x_wconf 90' lang='lat' dir='ltr'>sed</span> <span class='ocrx_word' id='word_1_138' title='bbox 778 2440 865 2517; x_wconf 87' lang='lat' dir='ltr'>cujus</span> <span class='ocrx_word' id='word_1_139' title='bbox 893 2438 981 2499; x_wconf 87' lang='lat' dir='ltr'>etiam</span> <span class='ocrx_word' id='word_1_140' title='bbox 1007 2441 1171 2501; x_wconf 88' lang='lat' dir='ltr'>remedium</span> <span class='ocrx_word' id='word_1_141' title='bbox 1198 2449 1228 2501; x_wconf 89' lang='lat' dir='ltr'>et</span> 
     </span>
     <span class='ocr_line' id='line_1_21' title="bbox 328 2538 805 2605; baseline -0.013 1"><span class='ocrx_word' id='word_1_142' title='bbox 328 2546 414 2605; x_wconf 76' lang='lat' dir='ltr'>tirreni</span> <span class='ocrx_word' id='word_1_143' title='bbox 439 2544 522 2601; x_wconf 89' lang='lat' dir='ltr'>Deus</span> <span class='ocrx_word' id='word_1_144' title='bbox 544 2538 661 2597; x_wconf 87' lang='lat' dir='ltr'>tandem</span> <span class='ocrx_word' id='word_1_145' title='bbox 683 2538 805 2599; x_wconf 87' lang='lat' dir='ltr'>invenit.</span> 
     </span>
    </p>

    <p class='ocr_par' dir='ltr' id='par_1_4' title="bbox 326 2636 1287 3626">
     <span class='ocr_line' id='line_1_22' title="bbox 367 2636 1226 2719; baseline 0.001 -14"><span class='ocrx_word' id='word_1_146' title='bbox 367 2643 447 2705; x_wconf 75' lang='lat' dir='ltr'>Alani</span> <span class='ocrx_word' id='word_1_147' title='bbox 477 2638 559 2697; x_wconf 80' lang='lat'><strong>1610</strong></span> <span class='ocrx_word' id='word_1_148' title='bbox 586 2636 668 2697; x_wconf 90' lang='lat' dir='ltr'>initia</span> <span class='ocrx_word' id='word_1_149' title='bbox 694 2636 785 2698; x_wconf 88' lang='lat' dir='ltr'>variis</span> <span class='ocrx_word' id='word_1_150' title='bbox 812 2639 1028 2718; x_wconf 88' lang='lat' dir='ltr'>scriptionibus</span> <span class='ocrx_word' id='word_1_151' title='bbox 1055 2644 1122 2705; x_wconf 88' lang='lat' dir='ltr'>data</span> <span class='ocrx_word' id='word_1_152' title='bbox 1147 2652 1226 2719; x_wconf 87' lang='lat' dir='ltr'>sunt,</span> 
     </span>
     <span class='ocr_line' id='line_1_23' title="bbox 327 2737 1227 2826; baseline 0.003 -21"><span class='ocrx_word' id='word_1_153' title='bbox 327 2764 452 2826; x_wconf 88' lang='lat' dir='ltr'>quarum</span> <span class='ocrx_word' id='word_1_154' title='bbox 474 2737 620 2809; x_wconf 84' lang='lat' dir='ltr'>normulla</span> <span class='ocrx_word' id='word_1_155' title='bbox 640 2746 747 2817; x_wconf 89' lang='lat' dir='ltr'>postea</span> <span class='ocrx_word' id='word_1_156' title='bbox 768 2739 798 2799; x_wconf 90' lang='lat' dir='ltr'>in</span> <span class='ocrx_word' id='word_1_157' title='bbox 819 2739 918 2800; x_wconf 82' lang='lat' dir='ltr'>lucem</span> <span class='ocrx_word' id='word_1_158' title='bbox 938 2741 977 2801; x_wconf 89' lang='lat' dir='ltr'>ab</span> <span class='ocrx_word' id='word_1_159' title='bbox 998 2742 1227 2823; x_wconf 88' lang='lat' dir='ltr'>aliisprotrusa.</span> 
     </span>
     <span class='ocr_line' id='line_1_24' title="bbox 327 2838 1226 2917; baseline 0.001 -12"><span class='ocrx_word' id='word_1_160' title='bbox 327 2843 438 2915; x_wconf 82' lang='lat' dir='ltr'>Medio,</span> <span class='ocrx_word' id='word_1_161' title='bbox 460 2859 528 2899; x_wconf 80' lang='lat' dir='ltr'>curn</span> <span class='ocrx_word' id='word_1_162' title='bbox 550 2838 671 2899; x_wconf 92' lang='lat' dir='ltr'>unionis</span> <span class='ocrx_word' id='word_1_163' title='bbox 690 2840 855 2917; x_wconf 90' lang='lat' dir='ltr'>primordia</span> <span class='ocrx_word' id='word_1_164' title='bbox 868 2860 905 2899; x_wconf 91' lang='lat' dir='ltr'>ex</span> <span class='ocrx_word' id='word_1_165' title='bbox 922 2841 1226 2905; x_wconf 87' lang='lat' dir='ltr'>Juliacensibusmo-</span> 
     </span>
     <span class='ocr_line' id='line_1_25' title="bbox 327 2940 1227 3020; baseline 0.001 -16"><span class='ocrx_word' id='word_1_166' title='bbox 327 2944 407 3005; x_wconf 89' lang='lat' dir='ltr'>tibus</span> <span class='ocrx_word' id='word_1_167' title='bbox 429 2946 617 3018; x_wconf 88' lang='lat' dir='ltr'>emergerent</span> <span class='ocrx_word' id='word_1_168' title='bbox 643 2946 672 2999; x_wconf 91' lang='lat' dir='ltr'>et</span> <span class='ocrx_word' id='word_1_169' title='bbox 687 2940 806 3001; x_wconf 70' lang='lat' dir='ltr'>&#39;Alsatia</span> <span class='ocrx_word' id='word_1_170' title='bbox 827 2941 1037 3020; x_wconf 86' lang='lat' dir='ltr'>impeteretur,</span> <span class='ocrx_word' id='word_1_171' title='bbox 1059 2945 1152 3006; x_wconf 84' lang='lat' dir='ltr'>irater</span> <span class='ocrx_word' id='word_1_172' title='bbox 1171 2946 1227 3005; x_wconf 84' lang='lat' dir='ltr'>Jo-</span> 
     </span>
     <span class='ocr_line' id='line_1_26' title="bbox 326 3041 1227 3107; baseline 0.002 -4"><span class='ocrx_word' id='word_1_173' title='bbox 326 3045 403 3103; x_wconf 84' lang='lat' dir='ltr'>lrann</span> <span class='ocrx_word' id='word_1_174' title='bbox 431 3041 604 3101; x_wconf 85' lang='lat' dir='ltr'>Ludovicus</span> <span class='ocrx_word' id='word_1_175' title='bbox 633 3041 794 3101; x_wconf 87' lang='lat' dir='ltr'>castrensis</span> <span class='ocrx_word' id='word_1_176' title='bbox 822 3041 1014 3104; x_wconf 85' lang='lat' dir='ltr'>ecclesiastae</span> <span class='ocrx_word' id='word_1_177' title='bbox 1040 3065 1149 3107; x_wconf 90' lang='lat' dir='ltr'>munus</span> <span class='ocrx_word' id='word_1_178' title='bbox 1169 3045 1227 3106; x_wconf 90' lang='lat' dir='ltr'>snb</span> 
     </span>
     <span class='ocr_line' id='line_1_27' title="bbox 326 3140 1287 3218; baseline 0.002 -15"><span class='ocrx_word' id='word_1_179' title='bbox 326 3141 523 3203; x_wconf 86' lang='lat' dir='ltr'>Pleiokbardo</span> <span class='ocrx_word' id='word_1_180' title='bbox 549 3140 737 3201; x_wconf 87' lang='lat' dir='ltr'>llelmstettio</span> <span class='ocrx_word' id='word_1_181' title='bbox 764 3142 851 3201; x_wconf 87' lang='lat' dir='ltr'>Duce</span> <span class='ocrx_word' id='word_1_182' title='bbox 873 3142 1028 3218; x_wconf 88' lang='lat' dir='ltr'>subiisset,</span> <span class='ocrx_word' id='word_1_183' title='bbox 1060 3146 1168 3207; x_wconf 89' lang='lat' dir='ltr'>castris</span> <span class='ocrx_word' id='word_1_184' title='bbox 1189 3146 1227 3207; x_wconf 88' lang='lat' dir='ltr'>ad</span> <span class='ocrx_word' id='word_1_185' title='bbox 1284 3174 1287 3179; x_wconf 96' lang='lat'>·</span> 
     </span>
     <span class='ocr_line' id='line_1_28' title="bbox 327 3240 1227 3319; baseline 0.004 -16"><span class='ocrx_word' id='word_1_186' title='bbox 327 3242 548 3317; x_wconf 87' lang='lat' dir='ltr'>Daohsteininm</span> <span class='ocrx_word' id='word_1_187' title='bbox 576 3240 698 3318; x_wconf 77' lang='lat' dir='ltr'>positiS,</span> <span class='ocrx_word' id='word_1_188' title='bbox 728 3260 785 3319; x_wconf 85' lang='lat' dir='ltr'>ego</span> <span class='ocrx_word' id='word_1_189' title='bbox 812 3240 884 3301; x_wconf 92' lang='lat' dir='ltr'>illuc</span> <span class='ocrx_word' id='word_1_190' title='bbox 911 3245 1031 3305; x_wconf 86' lang='lat' dir='ltr'>excurri</span> <span class='ocrx_word' id='word_1_191' title='bbox 1059 3254 1090 3307; x_wconf 94' lang='lat' dir='ltr'>et</span> <span class='ocrx_word' id='word_1_192' title='bbox 1116 3246 1227 3307; x_wconf 82' lang='lat' dir='ltr'>infelici</span> 
     </span>
     <span class='ocr_line' id='line_1_29' title="bbox 327 3340 1227 3422; baseline 0 -17"><span class='ocrx_word' id='word_1_193' title='bbox 327 3341 544 3422; x_wconf 85' lang='lat' dir='ltr'>oppugnationi</span> <span class='ocrx_word' id='word_1_194' title='bbox 561 3340 691 3401; x_wconf 89' lang='lat' dir='ltr'>interlui.</span> <span class='ocrx_word' id='word_1_195' title='bbox 727 3342 801 3402; x_wconf 88' lang='lat' dir='ltr'>lude</span> <span class='ocrx_word' id='word_1_196' title='bbox 822 3351 971 3422; x_wconf 85' lang='lat' dir='ltr'>occupato</span> <span class='ocrx_word' id='word_1_197' title='bbox 987 3345 1059 3407; x_wconf 92' lang='lat' dir='ltr'>looo</span> <span class='ocrx_word' id='word_1_198' title='bbox 1080 3354 1110 3407; x_wconf 92' lang='lat' dir='ltr'>et</span> <span class='ocrx_word' id='word_1_199' title='bbox 1127 3346 1227 3406; x_wconf 87' lang='lat' dir='ltr'>Molz-</span> 
     </span>
     <span class='ocr_line' id='line_1_30' title="bbox 327 3441 1227 3524; baseline 0.006 -23"><span class='ocrx_word' id='word_1_200' title='bbox 327 3442 425 3503; x_wconf 89' lang='lat' dir='ltr'>bemio</span> <span class='ocrx_word' id='word_1_201' title='bbox 451 3441 566 3517; x_wconf 87' lang='lat' dir='ltr'>addito,</span> <span class='ocrx_word' id='word_1_202' title='bbox 601 3443 822 3521; x_wconf 90' lang='lat' dir='ltr'>propemodum</span> <span class='ocrx_word' id='word_1_203' title='bbox 850 3444 943 3524; x_wconf 89' lang='lat' dir='ltr'>pedes</span> <span class='ocrx_word' id='word_1_204' title='bbox 973 3446 1094 3507; x_wconf 91' lang='lat' dir='ltr'>domum</span> <span class='ocrx_word' id='word_1_205' title='bbox 1126 3445 1227 3506; x_wconf 89' lang='lat' dir='ltr'>redire</span> 
     </span>
     <span class='ocr_line' id='line_1_31' title="bbox 327 3544 1227 3626; baseline 0.002 -20"><span class='ocrx_word' id='word_1_206' title='bbox 327 3550 451 3607; x_wconf 85' lang='lat' dir='ltr'>coactus</span> <span class='ocrx_word' id='word_1_207' title='bbox 472 3562 552 3617; x_wconf 88' lang='lat' dir='ltr'>snm,</span> <span class='ocrx_word' id='word_1_208' title='bbox 575 3544 626 3623; x_wconf 92' lang='lat' dir='ltr'>qui</span> <span class='ocrx_word' id='word_1_209' title='bbox 649 3562 742 3623; x_wconf 88' lang='lat' dir='ltr'>eques</span> <span class='ocrx_word' id='word_1_210' title='bbox 764 3544 853 3606; x_wconf 86' lang='lat' dir='ltr'>exivi.</span> <span class='ocrx_word' id='word_1_211' title='bbox 892 3544 968 3607; x_wconf 88' lang='lat' dir='ltr'>Nam</span> <span class='ocrx_word' id='word_1_212' title='bbox 990 3566 1053 3626; x_wconf 88' lang='lat' dir='ltr'>quo</span> <span class='ocrx_word' id='word_1_213' title='bbox 1074 3547 1227 3608; x_wconf 87' lang='lat' dir='ltr'>locatione</span> 
     </span>
    </p>
   </div>
   <div class='ocr_carea' id='block_1_4' title="bbox 0 0 1519 4409">
    <p class='ocr_par' dir='ltr' id='par_1_5' title="bbox 0 0 1519 4409">
     <span class='ocr_line' id='line_1_32' title="bbox 0 0 1519 4409; baseline 0 0"><span class='ocrx_word' id='word_1_214' title='bbox 0 0 1519 4409; x_wconf 95' lang='lat' dir='ltr'> </span> 
     </span>
    </p>
   </div>
  </div>
 </body>
</html>
