3025 4409
492 480 611 534 Ministri
627 479 800 547 vacillantes,
825 487 989 536 constantes.
1127 472 1208 562 153¹,

289 637 369 698 ovile
395 635 505 698 Christi
531 637 697 715 proderent
708 638 769 715 0),λ
796 615 874 700 nihil
896 639 954 701 nisi
982 638 1029 700 vel
1056 639 1185 700 hostium

289 737 440 798 cunctatio
463 737 568 812 obluit,
590 740 702 815 paratis
721 741 853 818 pessima
871 761 1008 822 quaeque
1024 746 1054 800 ct
1067 745 1185 818 patrare

288 838 355 918 ipsi,
378 845 409 899 et
425 838 488 898 suis
505 838 687 916 permittere.
724 839 815 900 Nune
832 841 947 920 frugem
964 841 1112 917 simulant,
1134 842 1185 904 ubi

289 959 465 1018 suspensam
487 939 595 1017 procul
617 938 743 1000 salutem
764 941 857 1001 veluti
878 941 1087 1018 reformidant,
1108 943 1184 1003 mul-

289 1046 351 1100 tum
372 1039 540 1100 ruminante
560 1058 622 1112 me,
644 1060 733 1120 quem
745 1044 809 1117 jam
826 1062 887 1102 uon
907 1041 1001 1120 pluris
1021 1061 1109 1122 quam
1124 1042 1185 1104 lar-

288 1159 355 1200 vam
369 1139 556 1200 umbratilem
566 1140 741 1202 habuerunt.
773 1143 935 1204 Perstitere
951 1149 1049 1202 tamen
1064 1143 1186 1204 fratrum

288 1239 392 1317 plures
414 1239 534 1315 officio,
561 1241 620 1300 lide
642 1243 767 1322 quippe,
800 1243 954 1322 patientia,
982 1245 1185 1322 temperantia,

288 1339 478 1414 rectitudine,
499 1338 658 1421 obsequio,
675 1350 866 1406 terrenorum
878 1344 1026 1422 neglectu,
1049 1343 1184 1405 etiamad

290 1441 464 1520 sanguinem
488 1461 586 1522 usqne
614 1444 802 1518 fortitudine,
831 1463 908 1524 quos
931 1443 1068 1508 Christus
1095 1447 1186 1507 lesus

290 1561 386 1620 porro
414 1544 587 1602 conservet!
632 1546 724 1621 Quod
750 1545 777 1605 si
804 1565 862 1623 pax
888 1545 952 1618 illa,
981 1566 1058 1625 quae
1085 1547 1185 1608 miritis

289 1643 421 1722 phaleris
447 1642 641 1721 propinatur,
671 1665 728 1706 nos
749 1645 831 1706 bona
852 1645 911 1706 lide
933 1646 1087 1724 respiciat,
1123 1667 1185 1710 non

291 1744 388 1805 deerit
410 1744 499 1805 bonis
528 1744 600 1825 (qui
627 1765 664 1806 ex
692 1765 797 1824 magna
823 1745 909 1806 clade
939 1747 1052 1824 oppido
1078 1749 1187 1826 pauci)

291 1846 470 1923 praemium,
497 1867 555 1909 nec
576 1848 661 1909 malis
682 1848 771 1908 etiam
791 1845 980 1925 supplicium.
1022 1848 1128 1909 Redeo
1149 1851 1188 1910 ad

293 1947 500 2027 eleemosynas
511 1956 641 2025 nostras,
658 1967 784 2028 quarum
795 1948 936 2022 rationes
951 1955 1071 2026 praeter
1084 1949 1186 2012 5000.

291 2048 371 2108 inter
396 2067 505 2126 operas
532 2049 609 2110 lame
629 2050 800 2111 desidentes
823 2055 852 2108 et
877 2049 1049 2129 squalentes
1071 2048 1187 2127 disper-

293 2167 360 2222 sos,
383 2148 516 2208 indicent
531 2150 628 2227 primo
646 2150 788 2211 trimestri
805 2149 867 2210 480
879 2148 909 2208 0,
924 2151 963 2210 17
981 2169 1037 2224 cr„
1059 2167 1188 2229 sequen-

292 2248 374 2310 tibus
401 2251 539 2312 undecim
567 2250 738 2329 septimanis
767 2250 828 2312 416
857 2249 886 2310 fl.
913 2249 953 2311 27
983 2269 1024 2311 or.
1051 2249 1082 2310 in
1113 2269 1187 2312 con-

291 2349 406 2412 victum
426 2371 590 2432 egenorum
618 2357 794 2413 nostrorum
821 2349 965 2427 collatos,
993 2350 1187 2414 mendicanti-

294 2449 352 2512 bus
365 2451 448 2513 tnta
460 2453 567 2532 stipem
588 2454 695 2527 domm,
715 2451 833 2513 aerario
855 2471 942 2513 sacro
957 2451 1037 2516 2731
1054 2451 1084 2510 fl.
1106 2450 1188 2530 lega-

294 2560 353 2613 tos.
376 2556 462 2629 Quae
478 2553 582 2634 siquis
599 2573 667 2614 cum
682 2563 765 2614 sorte
781 2563 884 2614 nostra
903 2559 932 2612 et
942 2552 1069 2614 aliorum
1081 2553 1189 2614 duritie

295 2654 446 2730 conferat,
473 2674 536 2716 non
556 2653 735 2734 negligenda
754 2653 891 2732 putarim.
935 2653 1012 2714 Nam
1033 2671 1110 2732 quae
1130 2673 1188 2716 nos

294 2774 460 2817 exercuere
487 2754 591 2816 stativa
612 2754 757 2814 Bavarica
779 2753 834 2814 sub
854 2752 1000 2812 lobannis
1021 2753 1108 2814 Pukii
1134 2753 1188 2814 im-

293 2856 380 2935 perio
403 2864 432 2918 et
451 2855 587 2918 Conradi
602 2853 713 2914 Zelteri
733 2853 899 2914 ministerio
920 2872 1012 2933 snpra
1031 2853 1189 2932 plurimam

294 2957 505 3019 contumeliam
538 2961 568 3016 et
597 2953 668 3034 plus
694 2973 782 3034 qnam
809 2952 964 3014 barbaram
990 2953 1188 3031 insolentiam,

295 3058 456 3119 erodendis
484 3064 513 3118 et
544 3055 710 3136 exugendis
738 3054 849 3116 reculis
875 3054 987 3116 nostris
1012 3054 1123 3135 jugiter
1144 3055 1188 3116 in-

295 3157 483 3233 cumbebant,
498 3157 585 3234 cujus
601 3156 740 3236 primaria
753 3154 862 3216 hirudo
877 3153 1084 3234 Wolllgangus
1096 3157 1189 3218 Reut-

295 3265 350 3331 ter,
369 3256 604 3324 diversoriorum
615 3257 788 3336 designator
804 3254 873 3318 mihi
888 3261 919 3316 ct
933 3253 1059 3335 collegis
1074 3257 1123 3318 30.
1135 3256 1188 3316 im-

294 3357 425 3435 periales
440 3358 576 3419 extorsit.
612 3358 760 3420 Discessit
769 3377 804 3418 ea
819 3358 886 3418 leex
900 3355 1052 3418 hominum
1066 3358 1093 3418 l.
1109 3355 1189 3416 lunii

295 3493 495 3506 m

364 3570 390 3638 ⁴)
408 3569 477 3622 Cod.
494 3571 524 3623 A.
541 3569 572 3624 B.
589 3575 617 3624 et
635 3586 669 3625 a:
687 3569 837 3640 proderent
852 3575 879 3623 ct
896 3569 1047 3639 perderent.
