3025 4409
327 499 406 550 Mors
424 497 515 551 soceri
533 503 561 550 et
579 495 817 566 Melabssengelii.
851 496 932 550 Plura
950 496 1059 566 scripta.
1096 506 1155 565 125

265 655 467 728 inundatione,
491 655 609 734 qualem
630 674 718 715 nemo
741 661 915 716 nostrorum
936 655 1076 729 meminit,
1097 657 1156 716 ldi-

263 753 320 814 bus
329 753 480 815 ianuariis
497 773 603 833 magna
617 761 833 816 structurarum
850 763 879 815 et
892 754 955 832 agri
972 773 1051 814 noxa
1066 755 1155 830 facto,

264 854 413 933 hujusque
439 855 611 915 calamitatis
632 856 842 916 recordatione
873 851 910 936 ΙΒΙ
935 853 1035 914 ldibus
1057 855 1156 916 Martii

265 955 374 1014 educto
402 955 546 1033 pueritiae
571 954 619 1016 bis
645 963 764 1016 centum
790 956 892 1036 sesqui
913 955 1039 1034 capitum
1061 957 1155 1017 choro

265 1055 386 1116 sancita.
429 1055 571 1116 Secutum
593 1064 639 1118 est
663 1055 785 1118 baronis
806 1057 830 1116 F
832 1055 1029 1116 rancomontii
1050 1056 1155 1117 durum

264 1157 362 1217 crucis
388 1155 577 1231 exercitium,
610 1158 693 1238 quod
719 1159 789 1218 dum
814 1156 893 1235 apud
924 1174 970 1216 me
1001 1177 1056 1236 per
1082 1159 1156 1219 octi-

265 1258 357 1317 duum
383 1255 527 1331 substitit,
559 1259 637 1318 haud
664 1259 783 1320 modico
813 1258 928 1319 doloris
957 1275 1047 1318 sensu
1074 1277 1155 1318 oom-

264 1379 354 1420 mune
375 1357 453 1418 tecit
496 1360 569 1418 lnde
590 1361 654 1439 ipsa
675 1358 825 1422 Desiderii
847 1358 909 1418 dies
931 1377 1008 1438 quae
1030 1361 1078 1419 1⁰.
1098 1359 1152 1418 cal.

263 1460 346 1521 lunii
374 1458 429 1518 tuit
454 1457 735 1522 desideratissimum
764 1475 902 1523 socerum
928 1460 1051 1520 Josnam
1075 1460 1156 1520 Grii-

263 1562 420 1641 ningerum
441 1568 577 1620 terrenae
599 1581 682 1621 meae
703 1561 851 1622 felicitatis
872 1566 985 1639 partem
1001 1561 1155 1620 maximam

265 1661 396 1736 abstulit,
417 1662 545 1740 septidui
566 1661 685 1722 circiter
701 1661 809 1722 morbo
819 1669 899 1739 post
915 1662 1054 1721 invictam
1071 1667 1156 1721 octo-

264 1764 415 1842 genariam
431 1763 629 1823 valetudinem
645 1763 822 1822 conlectum.
852 1761 948 1838 Cujus
963 1767 996 1821 ut
1014 1762 1073 1822 vita
1092 1779 1157 1820 om-

264 1864 311 1925 nis
338 1864 376 1923 ad
405 1863 579 1924 miraculum
603 1861 762 1941 tranquilla
789 1875 818 1922 et
840 1863 987 1938 jucunda,
1014 1861 1054 1920 ita
1075 1879 1157 1921 mora

264 1965 295 2024 in
308 1963 477 2042 exemplum
495 1963 581 2024 fortis
603 1961 666 2036 luit,
687 1968 720 2022 nt
740 1981 817 2040 quae
838 1961 1055 2040 propemodum
1077 1967 1156 2019 stan-

264 2073 324 2126 tem
351 2071 381 2123 et
407 2063 605 2123 ambulantem
633 2062 800 2140 exceperit,
829 2064 915 2139 cujus
936 2061 1077 2141 exequias
1099 2079 1157 2140 qua

264 2166 350 2246 potui
372 2164 430 2224 tide
452 2172 481 2226 et
501 2163 678 2243 gratitudine
699 2163 810 2224 curavi.
845 2162 981 2224 Alterum
996 2181 1157 2241 propemo-

265 2269 336 2328 dum
351 2272 475 2344 patrem,
490 2264 681 2324 Melcbiorem
695 2264 881 2344 Bengelium‚
896 2263 988 2337 cui*)
1006 2281 1052 2324 an.
1066 2264 1157 2323 1614.

263 2368 428 2446 Vaihingae
449 2365 595 2444 collegam
616 2365 747 2425 additum
769 2365 843 2440 dixi,
870 2365 1088 2444 propemodum
1110 2383 1158 2426 se-

263 2466 504 2548 ptuagenarium,
532 2469 560 2528 5.
579 2465 687 2526 Octob.
708 2466 773 2544 pari
794 2483 861 2526 meo
886 2465 1035 2528 desiderio
1056 2465 1157 2527 abstu-

263 2569 308 2630 lit.
342 2569 470 2628 Seoutae
484 2573 554 2645 post
570 2565 703 2627 infelices
717 2574 841 2627 nostrae
857 2567 1063 2644 expeditiones
1077 2575 1106 2627 et
1120 2567 1158 2626 ad

265 2668 424 2746 Villingam
439 2665 509 2741 ¹²⁹)
523 2666 656 2745 ignobile
666 2668 810 2745 oppidum
823 2667 957 2747 geminae
975 2673 1087 2747 strages
1101 2666 1158 2727 sub

264 2768 393 2848 Augusti
419 2769 511 2828 finem
536 2775 566 2828 et
593 2768 778 2846 Septembris
805 2767 894 2830 initia.
948 2769 981 2828 ln
1011 2787 1058 2828 me
1083 2787 1158 2829 vero

264 2863 433 2950 proplrlius
453 2868 568 2930 Aeolus
582 2869 589 2902 ¹
601 2866 652 2943 ³⁰)
668 2866 813 2928 adversos
828 2875 911 2930 utres
931 2868 1022 2930 semel
1036 2869 1158 2929 iterum-

266 2989 325 3051 que
347 2969 445 3030 emisit
464 2969 641 3049 docuitque,
664 2986 697 3028 se
717 2987 735 3028 a
757 2967 954 3046 Griiningeris
975 2969 1026 3049 qui
1047 2968 1158 3031 dudum

265 3071 425 3132 obstabant
451 3068 622 3130 liberiorem
650 3087 727 3130 esse.
778 3068 918 3129 Noc'endi
944 3089 1016 3130 sane
1037 3071 1158 3131 occasio

266 3172 430 3252 quaeritur,
451 3187 539 3250 quam
558 3169 610 3228 vix
637 3176 682 3230 est
703 3177 736 3231 ut
751 3169 816 3248 ipsa
835 3155 1003 3232 innocentia
1020 3170 1157 3231 declinet.

265 3274 333 3333 Hoc
361 3272 458 3351 ipsum
480 3270 541 3346 jam
566 3269 692 3330 maxime
717 3277 808 3332 nocet
835 3287 873 3329 ex
898 3269 985 3332 bonis
1006 3279 1107 3332 natum
1128 3279 1159 3330 et

266 3393 335 3434 cum
359 3372 448 3433 bonis
475 3378 684 3431 conversatum
705 3390 788 3445 esse,
817 3377 975 3451 postquam
995 3371 1064 3433 maii
1086 3369 1156 3431 emi-

334 3585 360 3653 Ι’)
378 3583 445 3637 Cod.
461 3585 493 3640 A.
510 3585 539 3636 et
554 3582 597 3636 B.:
624 3582 668 3636 cui
684 3597 736 3635 me.
