3025 4409
325 441 387 506 193
599 432 683 490 Liber
699 431 731 489 v.
767 431 952 492 toto-loto.

325 600 357 656 at
375 592 608 669 sufflaminauta,
626 591 707 654 viras
722 595 922 671 resumptura.
964 589 1015 652 Mo
1029 594 1129 655 tumen
1147 591 1230 655 sole·

326 701 377 757 tur
394 700 477 756 reete
491 693 561 756 faeti
578 693 773 770 conscientia,
794 693 860 773 ipse
879 711 953 754 vero
971 692 1107 774 ringatur
1127 693 1230 776 lupus,

326 797 379 880 qui
399 815 491 877 saepe
512 794 550 857 ab
572 794 703 857 ovilibus
725 813 814 856 secus
836 812 925 875 quam
943 793 1044 857 animo
1064 815 1230 876 praecepe-

326 904 382 977 rat,
404 904 451 961 est
471 897 602 959 abactus.
637 896 736 978 Atque
753 897 797 958 sie
815 895 885 956 anni
901 896 999 972 major
1009 915 1081 976 pars
1096 904 1230 979 peraeta,

326 1002 476 1082 geminato
491 998 713 1079 propemodum
727 996 861 1058 muueris
876 1015 980 1075 onere,
1002 997 1120 1079 collega
1134 1001 1231 1061 Heer-

326 1098 520 1177 brand0292)
531 1099 581 1160 vel
591 1104 776 1178 aegrotante,
794 1097 844 1159 vel
855 1097 1022 1179 prinoipem
1034 1100 1140 1162 berum
1154 1121 1230 1164 eou-

314 1209 472 1277 ·seetaute‚
494 1220 563 1262 oum
583 1198 653 1259 mibi
675 1198 796 1261 saluber
817 1199 915 1278 luerit,
938 1219 996 1260 neo
1016 1201 1229 1282 valetudinem,

327 1304 387 1367 nisi
413 1324 432 1366 a
452 1305 502 1364 16.
514 1299 614 1363 Martii
632 1301 670 1362 ad
691 1301 783 1364 linem
804 1301 885 1378 ejm,
914 1320 973 1384 qua
993 1302 1102 1381 pedem
1124 1305 1229 1368 dexte-

325 1426 404 1482 rum,
425 1403 579 1476 afflixerim
606 1402 708 1464 amieis
729 1410 829 1466 tamen
850 1403 925 1465 meis
947 1403 1058 1467 noxius
1078 1405 1143 1483 luit,
1165 1407 1229 1487 pri-

327 1525 409 1569 mum
429 1505 586 1568 liudovico
607 1504 775 1566 Jauowizio
803 1505 915 1566 virtute
944 1511 974 1567 et
999 1505 1150 1570 natalibus
1171 1529 1230 1571 no-

326 1607 396 1687 bili,
420 1609 579 1670 sanctioris
606 1609 705 1671 nostri
724 1614 846 1671 senatus
867 1606 1025 1688 primario,
1056 1607 1107 1690 qui
1128 1609 1229 1672 Ratis-

325 1709 478 1772 benaein
499 1710 644 1790 comitiis,
667 1709 776 1792 quibus
798 1709 854 1771 toti
872 1708 1050 1770 Germaniae
1071 1712 1228 1776 amuistiae

325 1811 411 1874 larva
429 1809 644 1894 impositum*)
672 1819 733 1889 est,
760 1811 876 1892 legatus
899 1809 977 1872 diem
998 1809 1073 1872 obiit
1093 1812 1143 1875 31.
1155 1813 1228 1893 Maji

326 1934 435 1995 magno
450 1920 559 1977 nostro
578 1914 697 1992 damno,
717 1919 753 1976 ut
770 1914 822 1995 qui
837 1910 926 1991 patrii
938 1911 1018 1989 juris
1039 1915 1229 1980 consultissi-

326 2035 393 2078 mus
413 2017 549 2099 rectique
569 2021 673 2077 eustos
694 2014 915 2096 integerrimus
937 2011 1029 2075 rebus
1042 2018 1156 2080 nostris
1178 2039 1228 2080 re-

326 2117 484 2180 stituendis
504 2116 594 2178 unice
614 2116 849 2194 obversabatur,
870 2115 940 2178 mibi
957 2135 1013 2197 per
1028 2117 1149 2200 triginta
1164 2140 1228 2182 am-

325 2219 407 2299 plius
427 2237 524 2280 annos
545 2219 658 2281 amiens
678 2218 871 2281 invariabilis.
904 2219 1034 2281 Secutae
1049 2229 1120 2285 sunt
1132 2224 1227 2286 &Ju-

326 2321 369 2383 nii
394 2320 583 2401 Noribergae
610 2321 749 2382 Susanna
778 2326 807 2382 et
833 2324 862 2382 4.
881 2319 959 2401 Aug.
986 2323 1118 2386 Belleria
1143 2325 1226 2388 Gon-

325 2422 392 2484 radi
410 2423 510 2484 Baisri
529 2421 646 2501 patricii
664 2421 770 2484 Norici
788 2421 840 2484 illa
858 2423 1006 2502 conjunx,
1028 2427 1103 2490 haee
1118 2447 1226 2493 socrus

325 2524 425 2605 prior,
455 2524 495 2586 ob
517 2521 754 2601 conjunctissimi
775 2525 845 2586 mihi
866 2525 897 2586 in
919 2525 1041 2590 Christo
1069 2529 1169 2594 fratris
1196 2538 1226 2594 et

325 2625 413 2686 surici
433 2625 638 2706 probatissimi
657 2625 773 2688 luctum
794 2625 951 2691 dolendae.
994 2631 1071 2693 'lum
1093 2632 1225 2696 omnium

325 2726 519 2790 acerbissimo
547 2734 581 2812 et
603 2728 761 2791 insanabili
782 2729 908 2792 vulnere
929 2733 1047 2796 Wausii
1067 2735 1224 2808 Luuebur-

325 2828 397 2910 glai,
424 2830 603 2893 Wilbelmns
624 2818 682 2894 ille*
696 2830 855 2911 Weusius,
877 2834 936 2895 heu
957 2836 1109 2916 quondam
1129 2859 1223 2916 meus,

322 2931 467 2995 Wensius
487 2932 650 2996 nobilitatis
670 2934 753 3011 uuio,
770 2935 834 3012 jam
854 2935 892 2996 ab
913 2953 993 2999 nuno
1016 2938 1098 3000 1612
1113 2939 1224 3003 fidissi-

324 3053 391 3097 mus
410 3032 556 3112 thates,
584 3035 674 3098 toties
700 3037 731 3098 in
756 3038 813 3098 hae
839 3039 981 3118 rapsodia
1001 3059 1068 3102 mea
1088 3059 1145 3102 uec
1166 3061 1223 3104 un-

323 3157 413 3220 quam
433 3137 491 3199 uisi
510 3137 678 3200 honorifice
699 3137 880 3216 nominatus,
906 3139 935 3202 4.
949 3139 1077 3223 Augusti
1098 3143 1223 3206 durissi-

322 3258 374 3303 mo
408 3239 516 3301 mortis
553 3256 665 3320 genere
700 3240 764 3303 suis
795 3242 827 3302 in
858 3241 982 3306 aedibus
1017 3243 1126 3307 molari
1155 3253 1223 3309 rota

324 3341 487 3419 abstritus,
514 3341 553 3404 (le
578 3362 641 3425 quo
666 3341 731 3405 sive
757 3341 871 3424 ingenti
891 3343 1000 3408 dolore
1019 3349 1221 3432 praepeditus,

324 3482 523 3490 ......-.-..-..—-

389 3555 422 3628 ὓ)
437 3557 507 3613 cod.
523 3560 556 3613 A.
573 3561 602 3614 et
616 3557 662 3614 u:
678 3556 756 3616 larva
772 3558 904 3632 imposita
921 3563 972 3616 est.

1373 1169 1374 1180 i

1373 1841 1374 1864 l

1373 2057 1374 2078 l

1358 2757 1360 2772 l

1373 2997 1374 3014 r
