3025 4409
566 508 717 562 Seleniaua
751 504 931 578 Theophilus.
1134 513 1194 574 251

303 661 507 743 garteusibuS‚
527 664 695 739 Roderico,
716 665 874 726 Manfredo
897 673 927 727 et
947 664 1085 724 Martiale
1101 665 1197 726 Julia-

304 764 364 839 ‹lis‚
392 771 455 825 tum
468 765 575 830 ‘triduis
595 764 741 825 ludovici
762 772 792 826 et
811 766 898 842 Julii,
925 785 961 825 ao
982 766 1120 826 Susanna
1140 767 1197 828 Pa-

302 863 396 924 latina
416 872 446 925 et
465 861 554 925 rinna
569 865 736 928 Wiirtemb.
756 874 869 940 nostra,
890 877 979 946 utque
1000 865 1116 927 duabus
1136 867 1197 927 vir·

303 965 423 1043 ginibus
443 966 583 1026 Floriana
605 972 636 1026 et
652 966 794 1027 Faustina
808 967 944 1038 Juliadis,
967 967 1020 1026 sed
1042 973 1072 1028 et
1084 965 1198 1028 Carolo

303 1065 526 1144 Megapolitauo
549 1067 640 1141 duce,
738 1067 909 1128 marchione
922 1066 1095 1141 Durlaohio,
1111 1066 1198 1126 Chri-

304 1165 401 1225 stiano
428 1166 562 1226 Palatino
581 1166 822 1230 Birkeuieldensi
849 1189 916 1229 curn
942 1176 1005 1229 tota
1025 1167 1133 1228 illustr.
1155 1169 1199 1228 fa-

304 1265 394 1340 milia,
416 1273 446 1326 et
457 1265 597 1327 Cratonis
608 1267 769 1328 llolrenloii
783 1269 886 1344 vidua,
908 1268 1085 1348 Dnglassio‚
1106 1269 1199 1345 Rosa,

306 1372 336 1426 et
354 1365 543 1428 tribunorum
563 1375 684 1447 praeter
702 1368 834 1431 illustres
855 1371 980 1432 comites
1001 1369 1099 1445 turba,
1111 1370 1199 1432 Gallo
1298 1415 1301 1421 ι

307 1466 393 1526 etiam
413 1468 593 1543 Rackuizio‚
615 1469 805 1548 Miinzingio‚
833 1471 999 1531 Forstnero
1019 1471 1200 1533 cancellario

307 1567 581 1646 Mompelgartensi‚
596 1568 716 1645 lensio,
730 1569 886 1630 ordinibus
897 1571 1132 1648 provincialibus
1145 1592 1201 1633 no-

308 1669 378 1728 stris
400 1676 430 1728 et
449 1669 618 1730 numerosis
638 1669 677 1728 ad
698 1670 921 1747 componendas
942 1670 1203 1752 restituendosque

308 1789 358 1829 res
385 1775 506 1830 nostras
534 1775 564 1828 et
588 1768 810 1847 transigendum
836 1768 914 1829 inter
939 1769 1144 1831 Eberhardum
1173 1781 1203 1833 et

308 1870 493 1937 Fridericum
514 1869 620 1930 fratres
642 1869 860 1948 Wiirtemberg.
882 1871 1056 1931 convocatis
1079 1878 1108 1930 et
1129 1891 1202 1932 oou-

310 1971 439 2050 scriptia,
461 1989 528 2030 cum
550 1990 679 2050 quorum
694 1970 848 2050 plerisque
869 1969 1026 2031 familiares
1047 1991 1203 2036 sermones

310 2071 425 2132 miscui.
473 2071 594 2132 Secessi
614 2078 712 2132 umen
732 2090 788 2148 per
807 2069 922 2150 aliquot
942 2070 1006 2132 dies
1027 2093 1045 2132 a
1067 2074 1204 2136 lutatii

309 2191 407 2252 usque
427 2173 477 2231 30.
492 2170 629 2247 Calvam,
647 2171 736 2232 animi
749 2171 849 2250 potius
871 2189 959 2250 quam
977 2173 1116 2251 eorporis
1134 2193 1203 2254 gra-

309 2274 365 2348 tia,
386 2272 439 2333 ubi
458 2272 490 2332 in
511 2272 633 2334 thermis
655 2270 845 2333 Cellensibus
867 2270 982 2330 curanti
1002 2272 1204 2336 valetudinem

309 2373 445 2451 Sibyllae
466 2372 731 2453 Mompelgartensi
751 2372 877 2451 ejusque
900 2371 1004 2434 marito
1027 2375 1120 2454 Leop.
1137 2375 1204 2436 Fri-

312 2475 416 2536 derico
437 2474 610 2554 frequenter
629 2474 718 2535 adfui.
753 2471 843 2533 lnvisi
864 2472 950 2533 etiam
970 2473 1126 2554 Esslingae
1146 2476 1206 2536 clu-

311 2595 376 2635 ram
402 2575 615 2635 Hohenielderi
639 2574 698 2635 mei
722 2575 839 2635 viduam
867 2574 962 2634 vivaci
987 2576 1073 2637 senio
1101 2595 1208 2656 super·

313 2675 412 2736 stitem
430 2675 482 2735 20.
494 2674 630 2754 August,
652 2683 683 2736 et
701 2673 810 2754 nuptiis
832 2675 937 2735 Franc.
955 2675 1115 2738 Reinhardi
1135 2679 1207 2739 Bet-

312 2776 455 2838 tendorlii
475 2795 543 2836 cum
565 2777 653 2836 Anna
665 2773 1020 2854 Margar.Steruenielsia
1040 2777 1071 2836 in
1093 2773 1207 2838 'corona

313 2878 380 2940 Xll.
402 2876 511 2937 illustr.
536 2895 734 2955 personarum
759 2875 904 2956 aulaeque
934 2877 1087 2939 ministerii
1116 2879 1208 2941 bene·

314 2979 385 3039 uixi.
422 2979 575 3039 Luctuosa
595 2996 667 3038 vero
689 2976 757 3039 mitt
779 2977 900 3040 luerunt
920 2997 986 3040 oum
1008 2978 1135 3042 maxime
1156 2979 1208 3042 tri-

314 3079 369 3140 stis
390 3078 511 3138 lleuriei
530 3077 672 3159 llattingii
688 3079 712 3157 j.
730 3079 758 3141 u.
781 3083 811 3140 et
836 3077 959 3142 Antonii
980 3079 1119 3142 ltoesleri
1144 3079 1208 3140 alli·

313 3180 395 3240 uium
415 3197 551 3238 meorum
572 3199 670 3260 prope
687 3179 855 3259 Oettingom
878 3177 907 3240 in
930 3199 1016 3242 anino
1038 3179 1115 3260 ligra
1137 3177 1207 3240 sub-

316 3279 426 3339 mersio
448 3281 477 3338 9.
492 3279 575 3356 Maji,
597 3286 658 3341 tum
682 3300 718 3344 ox
739 3279 824 3344 atilae
840 3279 1038 3342 contubernio
1051 3277 1209 3342 liouradus

317 3376 618 3457 Sohavalizlrius²⁷²)
633 3383 662 3444 6.
676 3379 758 3460 lolii,
781 3379 880 3444 curleo
902 3385 931 3442 ot
951 3379 1118 3444 sttrdlorum
1139 3377 1210 3440 olim

317 3481 433 3556 socius,
453 3479 588 3544 loannes
608 3479 787 3544 willielmus
809 3481 905 3544 llrauu
927 3481 975 3546 t‘l.
988 3477 1069 3556 lolii,
1090 3477 1212 3542 Murcus

318 3581 413 3642 lliller
441 3586 586 3659 cognatos
615 3581 645 3646 in
673 3581 776 3647 notatis
799 3583 872 3648 loro
896 3583 942 3648 tl.
964 3577 1074 3656 Martii,
1104 3579 1212 3662 Engel-
