3025 4409
276 497 379 550 Duraei
397 494 655 550 consiliahenotica.
690 495 1071 566 Disciplinaeinrpedinrenta.
1106 503 1167 564 127

275 653 445 714 manicavit.
480 654 567 730 ane
584 660 681 714 umen
699 673 760 729 res,
782 654 864 734 qnod
884 653 999 716 altioris
1021 654 1166 734 indaginis

275 759 372 829 essct,
399 772 418 812 a
443 772 491 814 me
514 752 574 814 nisi
601 754 684 833 quod
709 753 890 814 concordiae
918 754 1047 816 studium
1068 755 1166 816 since-

275 873 342 915 rum
363 861 394 914 et
413 859 509 914 tntum
529 853 615 915 avide
633 853 844 934 amplecterer,
865 861 954 935 atque
973 855 1092 916 minime
1112 875 1167 920 ne·

274 953 442 1033 gligmdam
467 952 590 1014 amicam
618 955 809 1016 collationem
835 965 984 1034 putarem,
1013 956 1082 1018 dnm
1103 977 1165 1018 ma-

273 1055 321 1134 gis
340 1060 464 1133 pateret,
485 1071 632 1132 suspensa
648 1062 703 1116 est
734 1055 876 1133 injuriam
892 1064 922 1117 et
939 1057 977 1117 ab
995 1057 1166 1136 importuno

274 1154 490 1216 calumniatore
502 1157 572 1218 mihi
586 1156 667 1218 circa
681 1156 793 1232 Majnm
811 1157 922 1220 illatam
935 1157 1073 1236 pensavit
1089 1177 1167 1238 qno-

274 1256 399 1316 rnndam
421 1255 530 1318 civium
551 1256 752 1318 memorabilis
767 1258 930 1320 liberalitas
952 1277 1054 1320 mense
1071 1259 1166 1320 Octo-

274 1357 337 1431 bri,
359 1377 420 1438 qna
438 1357 636 1418 incommodis
656 1355 701 1416 rei
721 1357 871 1420 familiaris
886 1359 1024 1438 mitigatis
1038 1359 1167 1420 faciendi

276 1457 369 1518 officii
389 1457 526 1520 alacritas
547 1456 644 1518 rediit
687 1454 825 1538 Cumque
846 1459 1008 1537 praedandi
1029 1466 1059 1520 et
1079 1459 1167 1521 lasci-

274 1557 376 1619 viendi
395 1556 515 1620 licentia
534 1577 572 1620 ex
593 1565 736 1636 corrupta
748 1565 915 1620 castrorum
929 1559 1087 1638 disciplina
1105 1567 1167 1622 ter-

275 1678 338 1720 ram
363 1666 497 1721 nostram
523 1658 683 1722 admodum
709 1659 867 1738 affligeret,
898 1678 937 1720 ne
969 1659 1062 1739 pestis
1093 1661 1168 1722 haec

275 1758 357 1820 cives
378 1760 465 1820 etiam
485 1779 570 1822 meos
592 1760 640 1821 vel
660 1760 801 1838 contagio
821 1758 966 1834 inliceret,
990 1779 1097 1840 magna
1116 1780 1169 1824 so·

273 1858 429 1920 licitndine
449 1861 567 1937 curavi,
595 1859 748 1922 difficilior
768 1858 849 1934 aliis,
871 1858 925 1919 sed
945 1858 1014 1920 milri
1033 1861 1168 1924 nondum

275 1959 347 2021 sctis
367 1979 424 2039 pro
438 1961 484 2022 rei
498 1962 656 2025 atrocitate
667 1961 775 2022 anxins
790 1971 880 2039 atque
893 1957 1082 2037 importunus
1102 1979 1170 2022 ‹ae-

275 2061 366 2124 ditns.
406 2062 480 2124 lude
506 2062 575 2124 zelo
596 2062 684 2124 etiam
704 2062 736 2122 in
755 2059 843 2122 nimis
864 2058 1051 2138 frequentem
1069 2059 1169 2122 libidi-

274 2181 344 2222 nem
365 2161 509 2238 invectus,
531 2163 635 2226 durius
656 2167 745 2226 etiam
766 2181 784 2222 a
804 2158 899 2222 crudo
921 2167 953 2223 et
969 2159 1170 2240 supercilioso

184 2319 187 2326 .
276 2261 398 2324 officiali
419 2268 563 2341 exceptus
584 2282 665 2339 snm,
692 2283 728 2326 re
752 2280 849 2343 nsque
869 2259 908 2320 ad
929 2258 1041 2320 curiam
1061 2259 1170 2335 delata,

275 2381 353 2442 quae
374 2362 600 2424 accusatoribus
620 2382 733 2442 prona,
765 2363 804 2424 ad
826 2361 939 2438 jantam
963 2359 1170 2424 defensionem

276 2464 368 2526 surda
388 2483 457 2526 esse
477 2461 565 2538 solet,
586 2462 753 2541 sepeliendi
774 2481 862 2545 qnam
882 2460 1055 2542 corrigendi
1074 2462 1172 2540 major

275 2563 397 2638 artffan,
425 2565 497 2624 dnm
517 2561 634 2624 interea
652 2562 710 2624 snb
736 2563 882 2643 temporis
902 2561 1012 2639 injuria
1033 2560 1172 2624 Christus

275 2662 417 2741 patiatur,
439 2661 576 2742 impietas
596 2661 773 2742 triumphet,
795 2661 927 2742 colligati
946 2660 1105 2737 fastidiant,
1126 2662 1171 2724 h-

272 2762 403 2825 miliares
422 2763 561 2842 prodant,
582 2763 659 2826 socii
675 2763 852 2838 desciscant,
873 2762 1038 2824 concrediti
1057 2769 1171 2826 metum

272 2882 392 2926 omnem
412 2863 566 2940 abjiciant,
587 2864 708 2926 nimbus
728 2861 940 2927 adversitatum
959 2881 1112 2944 nimquam
1131 2865 1171 2928 ad

271 2963 393 3042 planum
414 2964 471 3026 iter
490 2964 662 3041 admissum,
683 2980 804 3041 semper
823 2962 862 3024 ad
881 2964 1033 3026 anfractus
1049 2971 1079 3026 et
1095 2983 1172 3028 cou-

272 3064 393 3143 lragosa
418 3066 556 3128 adactum
584 3065 667 3128 omni
693 3083 788 3126 snccu
807 3062 889 3124 vitali
909 3064 1073 3128 exhauriat.
1115 3066 1171 3130 At-

272 3183 333 3245 que
352 3164 394 3225 ita
409 3164 497 3241 livor,
518 3166 608 3243 lrnjns
625 3164 707 3239 anni,
729 3163 756 3225 si
775 3182 843 3224 cum
861 3163 1023 3243 astrologis
1040 3153 1171 3248 loquen-

271 3263 352 3340 dum,
374 3264 522 3341 dominns,
537 3273 572 3328 nt
592 3267 672 3346 cepit
689 3265 734 3327 ita
746 3263 905 3343 periodum
921 3264 993 3328 satis
1013 3266 1084 3326 mihi
1104 3285 1169 3326 mo-

269 3361 376 3426 lestam
391 3365 530 3428 absolvit.
559 3364 655 3442 eujus
671 3364 800 3439 consilii,
827 3384 865 3426 an
882 3364 998 3441 judieii,
1016 3368 1083 3426 Deo
1098 3365 1169 3442 Opt.

269 3464 403 3526 rationes
423 3466 609 3543 justissimae
635 3473 784 3528 constant.
826 3464 933 3528 Annus
953 3473 1023 3545 post
1043 3482 1169 3526 sexem-

266 3562 403 3626 tesirnum
424 3567 476 3630 34.
494 3566 606 3630 Calvae
628 3568 781 3642 funestus,
803 3567 1021 3644 propemodum
1041 3563 1169 3627 exitialis
