3025 4409
343 513 406 572 230
609 506 692 559 Liber
708 503 750 556 Vl.
786 503 968 560 lttt-ttta.

347 663 506 724 Caeterum
524 664 595 723 dum
614 662 698 740 pacis
718 659 923 722 conciliandae
944 660 1071 721 consilia
1087 659 1246 721 lllonaste-

348 763 385 823 rii
400 770 431 824 et
442 763 640 841 Osnabrugae
654 769 792 841 aguntur,
808 769 837 822 et
851 759 990 821 Thornae
1006 759 1150 822 Poloniae
1165 779 1247 821 oon·

349 863 459 924 ciliatio
487 864 576 925 trium
605 862 683 923 inter
708 881 742 922 se
770 859 1037 922 diversissimarum
1064 861 1246 941 religionum

349 964 435 1025 irrito
448 973 558 1025 conatu
568 971 698 1025 tentatur
706 960 790 1039 ²⁴⁸),
807 960 919 1040 patriae
931 980 1014 1020 meae
1028 979 1077 1022 res
1090 962 1246 1024 calamito-

349 1063 483 1127 sissimae
498 1064 621 1126 Gallicis
642 1060 835 1125 etBavaricis
856 1059 972 1121 intense
992 1061 1127 1124 adversis
1147 1063 1247 1124 lectae

350 1176 429 1240 snut,
449 1165 575 1226 maxime
595 1173 667 1243 post
685 1161 834 1225 infelicem
846 1161 979 1238 Bavaris,
1001 1171 1245 1226 cruentamvero

351 1263 446 1326 Gallis
458 1265 497 1325 ad
506 1263 776 1344 Neroliugam²⁴⁷)
787 1281 925 1342 pugnam,
944 1281 962 1322 a
981 1282 1039 1343 qua
1050 1269 1178 1345 uterque
1188 1263 1247 1324 mi-

351 1365 397 1426 les
421 1366 452 1426 in
473 1383 530 1426 nos
551 1364 678 1441 effussus,
705 1363 893 1425 immanitatis
915 1369 944 1423 et
964 1362 1107 1442 perfidiae
1128 1363 1247 1425 nullum

351 1465 472 1526 modum
483 1465 563 1526 iecit.
597 1464 744 1526 curuato
763 1470 830 1526 utut
840 1461 1003 1524 remedium
1016 1463 1131 1524 nullum
1145 1465 1245 1525 eoacti

352 1565 475 1626 ordines
503 1565 703 1645 provinciales
732 1566 834 1627 vernis
867 1573 897 1625 et
923 1564 1066 1642 hybernis
1091 1564 1246 1625 mensibus

353 1665 533 1741 invenerint,
555 1665 689 1726 constitit
708 1673 816 1742 tamen,
839 1665 1085 1744 supplicationem
1106 1666 1155 1724 15.
1172 1664 1249 1742 Maji

352 1765 490 1827 indictam
523 1765 685 1827 coelestem
719 1785 808 1846 opem
843 1785 933 1844 snpra
966 1767 1122 1826 humanam
1160 1783 1246 1844 spem

353 1884 451 1947 prope
470 1866 677 1928 miraculosam
696 1866 727 1926 in
754 1866 861 1928 messis
889 1865 1115 1946 vindemiasque
1141 1863 1248 1926 insoli-

353 1976 412 2028 tam
432 1968 606 2041 ubertatem‚
627 1985 704 2047 qnae
724 1974 769 2027 tot
789 1966 903 2027 alendis
920 1966 1103 2045 myriadibus
1124 1965 1246 2052 sulfice-

354 2075 414 2141 ret‚
443 2085 586 2129 exorasse
612 2067 772 2148 ipsamque
794 2067 858 2143 jam
884 2066 981 2128 oculis
1002 2067 1167 2128 obversans
1189 2083 1246 2126 ex-

354 2168 462 2229 cidium
485 2169 621 2229 evitasse.
664 2167 778 2229 Natalis
800 2167 847 2228 hic
869 2185 965 2228 annus
984 2167 1039 2228 init
1057 2166 1246 2228 Christianae

355 2270 527 2332 Gharlottae
545 2268 708 2331 Wiirtemb.
722 2267 851 2347 principi
867 2267 986 2346 puellae
1007 2268 1056 2328 21.
1072 2267 1192 2343 Octob.,
1215 2274 1248 2328 et

354 2371 516 2450 liudolpho
537 2371 674 2448 Angusto
695 2389 732 2429 ex
753 2367 816 2428 tilia
835 2366 891 2448 hg.
907 2367 978 2429 Elis.
999 2367 1104 2446 nepoti
1124 2370 1153 2430 5.
1167 2367 1248 2444 Oct,

354 2472 404 2532 cni
428 2478 588 2550 patronum
613 2470 736 2530 exoravi
760 2469 952 2549 Rndolphnm
976 2466 1143 2546 Angustum
1167 2469 1249 2529 Bru-

354 2570 547 2632 novicensem
561 2569 726 2650 prinoipem
745 2569 922 2647 juventutis,
944 2587 1074 2650 quocum
1095 2575 1125 2629 et
1140 2566 1247 2648 Sylvio

353 2669 502 2733 Nimrodo
526 2669 668 2751 frequens
692 2669 845 2732 literarum
870 2668 926 2731 sub
947 2668 977 2727 id
996 2669 1141 2747 temporis
1161 2685 1247 2730 com-

355 2771 497 2832 mercium
517 2771 585 2845 tuit,
617 2771 714 2832 letalis
735 2791 809 2833 vero
832 2771 915 2832 Julio
933 2769 1136 2849 Peregrinatio
1153 2769 1246 2830 Wiir-

354 2871 444 2932 temb.
466 2869 639 2932 excellentis
663 2871 773 2933 indolis
800 2869 941 2952 principi,
969 2871 1054 2948 cujus
1076 2871 1115 2930 ad
1135 2887 1246 2930 anuum

356 2973 406 3033 42.
420 2971 555 3046 memini,
584 2971 714 3043 Gothum
740 2971 879 3032 Matthiae
900 2968 1049 3044 licem)
1070 2989 1193 3050 magnae
1216 2978 1248 3031 et

355 3072 522 3134 autoritatis
536 3079 566 3131 et
582 3069 761 3134 celebritatis
778 3071 920 3150 theologo
939 3069 1091 3134 Saxonico
1109 3069 1247 3132 Dresdae

356 3174 384 3237 t.
400 3171 513 3247 Martii,
539 3171 656 3234 lacobo
675 3173 851 3234 Bernhardo
874 3170 1039 3250 Giiltlingio
1058 3173 1170 3234 turbini
1189 3171 1247 3250 illi,

356 3275 442 3352 cnjus
468 3272 499 3333 iu
519 3271 565 3334 his
586 3273 807 3335 commentariis
828 3293 890 3334 nou
913 3271 1004 3332 semel
1026 3274 1136 3335 mentio
1157 3274 1245 3349 lacta,

353 3372 568 3453 Wittehergae,
601 3375 725 3436 Erasmo
750 3373 858 3436 baroni
885 3372 1054 3434 Groneccio
1085 3373 1133 3435 hic
1163 3375 1247 3436 stut-

353 3474 475 3552 gardiae
497 3480 528 3536 et
555 3472 739 3535 Cirrish'auae
764 3473 926 3536 Patientiae
954 3493 992 3535 ex
1020 3473 1082 3536 lilio
1111 3475 1246 3538 Gottlieb

354 3575 436 3652 nepti
447 3574 599 3637 Oanstadii
620 3574 733 3650 dian„
756 3595 792 3634 ex
815 3575 923 3656 quibus
942 3575 1009 3637 mihi
1032 3576 1131 3637 luctus
1153 3595 1246 3656 supra
