3025 4409
327 482 367 543 76
595 472 676 527 Liber
692 472 724 526 ll.
758 471 943 529 ibid-162⁰.

328 632 400 695 volo
431 650 467 692 ac
492 630 582 691 aedes
609 630 728 710 quidem
761 628 912 690 ambustas
939 635 970 690 et
993 627 1110 693 laceras
1137 631 1221 692 fami-

327 734 395 795 liam
426 751 500 793 vero
531 738 561 791 et
592 729 709 791 reculas
742 731 893 809 dispersas
924 731 1054 792 invenio.
1107 731 1222 794 Multae

329 834 438 895 civium
458 831 674 893 lacrimantium
700 840 817 894 turmae
840 831 1064 893 circumdabant
1083 833 1148 895 sive
1168 854 1221 895 so-

327 936 430 997 latium
458 939 593 1012 petentes
626 932 689 994 sive
723 934 862 994 dolorem
889 932 1063 995 dividentes.
1122 935 1228 997 Libris·

328 1036 402 1097 meis
433 1032 459 1095 si
485 1052 563 1113 quos
584 1033 680 1095 habeo
711 1034 789 1113 ignis
814 1031 965 1113 pepercit,
996 1039 1027 1093 at
1057 1054 1121 1095 non
1149 1035 1220 1097 item

328 1134 457 1197 infidelis
484 1152 599 1194 manus.
643 1138 676 1195 ln
701 1134 778 1195 alios
804 1152 913 1195 saevus
939 1132 1009 1206 fuit;
1036 1154 1104 1195 nam
1131 1142 1162 1197 et
1183 1138 1220 1196 D.

328 1235 435 1298 Heclrti
459 1234 687 1295 instructissima
711 1233 892 1314 elegansque
912 1232 1094 1295 bibliotheca
1124 1243 1154 1296 et
1183 1238 1221 1296 D.

329 1335 523 1415 llambergeri
553 1336 744 1415 praenobiles
778 1334 848 1395 libri
881 1343 911 1395 et
936 1334 1089 1414 Balingeri
1123 1355 1222 1416 quon-

330 1436 398 1496 dam
423 1435 706 1498 Weissaclriensium
734 1435 926 1497 ecclesiastae
954 1434 1086 1496 literaria
1119 1436 1223 1515 supel-

329 1536 380 1597 lex
403 1541 522 1615 praeter
547 1537 681 1611 minores
708 1537 782 1600 alias
808 1537 888 1597 haud
913 1536 1146 1597 contemnendas
1168 1537 1222 1597 de-

330 1642 415 1716 pasta
442 1642 520 1698 sunt.
572 1637 638 1717 Ego
664 1644 697 1699 ut
722 1638 850 1717 primum
878 1637 1020 1718 reliquias
1048 1656 1129 1698 meas
1154 1656 1222 1699 sum

330 1737 470 1813 intuitus,
502 1736 606 1812 didici,
639 1738 762 1799 nimium
782 1738 971 1817 possedissc;
999 1736 1117 1798 minore
1137 1745 1222 1801 certe

330 1838 456 1900 vivimus
479 1836 661 1916 expeditius
682 1858 745 1899 uon
767 1838 850 1920 quod
870 1838 1000 1899 animum
1017 1857 1149 1918 unquam
1168 1858 1223 1899 oc-

330 1938 482 2019 cuparint,
504 1938 558 1998 sed
579 1957 618 1999 ne
639 1939 763 2019 corpori
779 1938 867 1998 etiam
883 1938 940 1999 sub
957 1940 1013 1999 lrac
1030 1938 1127 1999 inutili
1142 1938 1224 2000 mole

331 2041 370 2102 sit
401 2038 606 2100 laborandum.
663 2038 809 2118 Quisquis
838 2036 991 2099 Christum
1017 2038 1154 2117 possidet
1178 2040 1223 2101 fa-

331 2141 389 2203 cile
409 2139 501 2201 rebus
523 2137 662 2199 omnibus
683 2144 779 2198 caret:
807 2136 943 2217 quisquis
969 2156 1003 2198 se
1025 2138 1145 2201 Christo
1174 2141 1225 2201 dat

331 2260 399 2303 cum
427 2259 465 2301 eo
492 2258 541 2299 res
569 2257 674 2300 onrnes
703 2245 808 2297 nostra
834 2237 989 2298 nobilitate
1009 2238 1114 2317 dignas
1135 2240 1224 2301 facile

330 2342 477 2419 impetrat.
508 2337 579 2401 Non
599 2337 680 2399 ullus
700 2335 778 2397 liber
798 2337 886 2399 nobis
903 2337 1064 2414 auferatur,
1085 2347 1119 2401 ut
1138 2349 1221 2419 poste

330 2446 386 2505 lrac
401 2442 499 2503 minus
515 2437 689 2517 sapiendum
709 2437 761 2499 sit:
784 2437 930 2516 quinimo
945 2438 1011 2500 sine
1026 2438 1111 2500 libris
1126 2439 1224 2501 disce-

330 2563 398 2605 mus
419 2541 545 2603 discere.
592 2539 631 2599 Et
658 2556 820 2616 superesse
840 2545 938 2599 tamen
958 2539 1028 2599 milri
1048 2541 1133 2601 Deus
1154 2540 1223 2619 plu-

332 2644 406 2704 rima
426 2640 536 2715 voluit,
564 2648 597 2701 ut
616 2640 742 2701 molesta
764 2639 901 2700 custodia
922 2659 1016 2718 porro
1037 2641 1139 2721 fatiget
1159 2643 1224 2703 sive

331 2743 433 2805 verius
458 2748 492 2803 ut
512 2741 712 2821 praesentium
732 2739 840 2801 intuitu
861 2739 1045 2816 admonear,·
1068 2762 1156 2821 quam
1178 2744 1222 2804 fa-

331 2844 382 2907 cili
411 2849 564 2904 momento
595 2841 626 2902 in
659 2841 775 2902 favillas
807 2841 908 2903 omnia
938 2840 1070 2921 dispergi
1096 2844 1224 2923 possint.

334 2946 445 3008 Secuta
459 2944 518 3003 hoc
534 2943 653 3021 igneum
670 2943 845 3003 sabbathum
861 2941 926 3002 dies
945 2942 1093 3003 dominica
1110 2944 1224 3007 scintil-

316 3046 399 3107 ·lans
421 3025 450 3105 et
470 3043 625 3122 fumigans.
675 3043 718 3104 Ea
740 3063 808 3104 cum
828 3042 859 3103 in
880 3042 1029 3122 exequiali
1049 3044 1162 3106 sacello
1185 3048 1222 3106 D.

331 3147 423 3207 Petro
450 3164 537 3205 sacro
563 3144 700 3223 lugentes
726 3164 762 3204 ac
793 3161 850 3221 pro
881 3141 943 3203 foci
975 3145 1111 3223 angustia
1140 3166 1224 3209 com-

332 3246 431 3327 pressi
451 3245 712 3321 convenissemus,
741 3244 873 3305 dccanus
895 3241 1041 3305 ecclesiae
1061 3247 1224 3309 occasione

332 3365 370 3407 ex
400 3345 556 3425 evangelio
584 3346 728 3407 Marma
756 3351 874 3424 sumpta
907 3346 990 3409 cives
1019 3348 1150 3423 monuit,
1184 3367 1224 3409 ne

333 3447 577 3528 Gergesenorum
603 3447 683 3527 turpi
714 3445 852 3525 exemplo
883 3444 1036 3510 Christum
1063 3447 1153 3509 toties
1178 3448 1224 3509 iu-
1274 3447 1276 3451 ’

333 3547 477 3612 visentem
514 3546 623 3609 finibus
665 3547 788 3609 omnino
822 3546 977 3626 pellerent.
1035 3548 1078 3611 Ea
1116 3548 1225 3610 concio
