3025 4409
536 490 762 559 Evangelicorom
779 489 948 560 martyrium.
1004 561 1006 566 Ι
1124 500 1184 560 139
1226 463 1231 474 ¹

330 646 403 707 Non
424 647 595 708 reticendus
615 659 662 709 est
681 649 752 708 mibi
773 648 821 708 hic
842 646 958 726 Caspar
971 646 1117 710 Nicolaus
1137 652 1184 711 vir

290 749 444 826 pertenuis
477 748 616 808 fortunae
646 770 683 810 ac
707 748 873 828 simplicior
897 747 1028 822 habitus,
1055 751 1109 809 sed
1136 771 1183 812 re-

289 849 411 927 ligionis
438 849 644 910 tenacissimus
673 857 703 910 et
736 849 925 928 superiorum
955 848 1184 911 observantissi-

289 970 366 1010 mus.
397 949 549 1029 Quicquid
561 949 773 1029 injungebatur
785 951 816 1010 id
834 970 948 1011 summa
970 950 1028 1009 lide
1049 957 1079 1010 et
1099 971 1183 1012 seru-

289 1050 399 1128 pulosa
417 1049 567 1110 anxietate
587 1051 799 1131 exequebatur.
830 1051 907 1111 lline
929 1051 1013 1130 stipis
1034 1049 1091 1130 ipsi
1111 1072 1184 1130 pau-

290 1169 397 1228 perum
413 1150 444 1210 in
456 1151 601 1230 cauponis
621 1151 808 1231 colligendae
825 1159 855 1212 et
868 1151 1049 1229 petulantiae
1062 1153 1186 1231 puerilis

291 1251 454 1331 intemplo
476 1253 663 1313 coercendae
682 1271 791 1312 munus
813 1252 1016 1328 commissum,
1039 1254 1087 1314 cui
1108 1255 1185 1316 Pau·

290 1351 352 1410 lina
382 1351 572 1412 solicitudine
603 1362 633 1413 et
663 1351 830 1412 Catoniana
861 1354 1021 1415 severitate
1049 1355 1186 1432 praefuit.

292 1453 322 1512 ls
351 1472 420 1512 rum
444 1453 475 1512 in
501 1462 642 1513 cruentas
665 1473 771 1514 manus
797 1453 951 1514 incidisset
971 1455 1185 1534 interrogatus:

292 1572 370 1613 anne
391 1572 429 1612 ex
450 1552 585 1613 Sueeicis
605 1551 807 1614 nebulonibus
829 1556 927 1616 esset?
957 1556 1129 1634 respondit:
1152 1577 1187 1620 se

293 1653 495 1714 Christianum
511 1663 541 1714 et
551 1654 696 1714 Suecicae
712 1674 820 1714 causae
830 1654 974 1714 asseclam
990 1675 1066 1717 esse.
1094 1657 1186 1718 Cum-

292 1775 351 1835 que
372 1755 414 1816 ob
433 1754 466 1814 id
486 1755 601 1815 duriter
620 1752 786 1832 vapularet,
806 1753 858 1813 ille
878 1754 950 1814 nihil
970 1757 1092 1818 territus
1108 1758 1187 1820 Sue-

292 1856 389 1916 cicum
415 1874 451 1916 se
468 1855 571 1916 vivere
597 1862 628 1914 et
647 1853 724 1914 mori
743 1861 879 1932 paratum
899 1855 1071 1933 professus,
1100 1878 1187 1919 acoe-

291 1957 352 2036 ptis
377 1964 443 2017 toto
470 1975 602 2035 corpore
620 1955 806 2030 numerosis,
833 1955 888 2016 sed
912 1956 1010 2018 minus
1028 1957 1188 2021 lethalibus

291 2058 482 2132 volueribus,
502 2058 573 2118 iude
592 2057 662 2136 igne
681 2056 830 2118 ustulatus
848 2063 882 2117 ut
902 2057 1026 2118 sentiret
1046 2077 1080 2118 se
1100 2060 1188 2136 mori,

292 2160 406 2220 invicto
433 2159 531 2220 animo
559 2159 701 2240 quamdiu
720 2157 824 2237 lingum
850 2157 962 2236 paruit,
996 2158 1188 2222 confessione

293 2260 465 2322 Christiana
486 2268 516 2320 et
535 2259 678 2334 Suecica‚
699 2278 759 2339 qua
779 2257 897 2319 coelum
919 2258 976 2319 sibi
996 2277 1065 2318 ctam
1086 2259 1187 2322 Sueoo

293 2381 367 2441 rege
394 2361 612 2440 expectandum
639 2359 780 2420 indubius
801 2367 895 2433 esset,
922 2359 960 2420 ad
981 2357 1116 2420 ultimum
1136 2361 1188 2421 ba-

293 2465 380 2524 litum
399 2463 477 2522 inter
498 2463 658 2522 diuturnos
678 2459 828 2520 cruentam
852 2458 1055 2538 perseveravit
1075 2459 1187 2542 pioque

293 2563 439 2641 martyrio
457 2571 505 2623 est
520 2563 694 2634 defunctus,
715 2560 824 2639 dignus
840 2561 926 2638 cujus
940 2579 997 2620 nec
1015 2579 1125 2622 nomen
1145 2563 1190 2624 in-

294 2675 343 2726 ter
363 2663 562 2742 simpliciores
583 2661 696 2723 Cbristi
716 2661 866 2734 interiret,
894 2679 951 2720 nee
971 2681 1049 2740 quos
1070 2663 1191 2745 reliquit

296 2766 500 2844 orphanorum
520 2765 611 2825 trium
630 2761 810 2824 teoellorum
829 2761 942 2822 oblivio
953 2761 1042 2824 nobis
1056 2764 1191 2845 obrepat.

296 2867 337 2927 Ut
355 2864 483 2944 primurn
503 2864 602 2926 illuxit
622 2873 653 2924 et
672 2863 805 2925 evasisse
819 2863 917 2941 ignem
930 2863 1092 2926 destinatas
1105 2867 1191 2928 victi-

296 2985 361 3026 mas
386 2965 540 3044 apparuit,
564 2975 627 3026 toro
653 2963 772 3024 demum
798 2981 878 3024 nova
903 2964 1076 3044 tragoediae
1101 2987 1192 3028 scena

297 3076 440 3146 apparata
459 3073 520 3140 est,
540 3065 692 3127 bominum
717 3065 750 3126 in
770 3063 865 3144 sylvis
886 3071 917 3126 et
936 3065 1067 3126 ferarum
1086 3067 1191 3132 lustris

296 3167 418 3227 venatio
439 3185 476 3226 oa
495 3166 611 3228 feritate
630 3167 726 3228 bostis
738 3173 770 3227 et
784 3183 897 3245 pavore
911 3166 1099 3245 promiscuae
1115 3169 1192 3230 mul-

298 3268 443 3342 titudinis,
463 3276 498 3328 ut
517 3266 602 3328 brevi
622 3267 781 3328 intervallo
797 3287 852 3346 per
866 3265 981 3346 aliquot
995 3266 1119 3330 miliaria
1134 3291 1191 3348 pu-

299 3368 419 3429 siouum
434 3375 466 3428 et
478 3367 635 3428 imbecillis
648 3387 740 3430 sexus
753 3368 836 3430 velut
847 3369 996 3430 exercitus
1010 3388 1065 3448 per
1078 3389 1192 3430 summa

300 3470 415 3530 etima
440 3489 477 3528 ac
498 3468 551 3528 vix
576 3469 670 3530 omn
695 3470 799 3548 pervia
820 3469 989 3550 dispersus,
1018 3489 1074 3530 occ
1094 3477 1192 3530 umen

301 3579 444 3651 quantum
464 3569 635 3642 innmuent
656 3569 777 3632 omcom
791 3579 881 3650 caput
900 3577 1018 3650 captim
1035 3567 1081 3628 sit.
1115 3568 1192 3632 Cum
