3025 4409
569 493 743 547 inimicorum
761 492 884 546 insidiae.
1116 498 1173 560 191

282 649 312 708 in
338 669 386 710 mo
407 659 437 711 et
457 649 603 730 collegam
619 649 812 710 Scbtielinum
833 648 1010 710 debacchari
1026 667 1128 724 ausus,
1144 649 1175 712 in

281 751 430 812 conviviis
452 752 539 812 etiam
561 760 592 812 et
612 750 733 811 circulis
753 752 832 811 iuter
850 770 922 812 suae
945 751 1056 812 farinae
1073 753 1175 814 socios

280 853 521 914 contumeliosus
547 851 784 913 criminationum
808 850 929 911 modum
955 851 1069 912 nullum
1096 853 1175 914 iecit.

282 954 353 1027 Qua
360 953 398 1012 de
410 973 443 1013 re
452 955 605 1033 cumapud
614 950 779 1032 synodum¹
789 950 801 984 ⁹
810 953 840 1029 ⁴)
849 951 1174 1034 theologicam7.Sept.

280 1060 410 1132 uterque
432 1055 531 1134 questi
553 1072 698 1128 essemus
728 1052 888 1114 infidorum
909 1054 1030 1114 fratrum
1053 1065 1175 1116 nostro-

282 1172 350 1211 rum
377 1152 549 1216 lubricitate
570 1162 601 1214 et
620 1153 759 1214 factionis
787 1153 867 1215 illius
892 1152 1057 1232 Epicureae
1078 1155 1175 1218 collu-

282 1251 370 1312 sione
392 1253 528 1314 efiectum
550 1260 609 1329 est,
630 1274 669 1314 ne
689 1273 804 1333 poenas
826 1254 1039 1333 impudentium
1061 1256 1174 1318 facino-

280 1373 349 1414 rum
375 1354 578 1416 meritissimus
605 1355 690 1415 daret
711 1362 741 1416 et
761 1355 911 1416 veniama
929 1356 1017 1418 nobis
1038 1357 1176 1437 impetra-

281 1462 338 1515 ret.
369 1456 460 1532 Quod
481 1457 547 1535 ipse
565 1456 722 1517 victoriam
743 1476 826 1517 suam
841 1455 1063 1536 interpretatae,
1080 1459 1175 1538 impu-

282 1554 402 1618 dentius
423 1557 520 1618 adbuc
541 1557 571 1617 in
592 1578 640 1618 me
661 1564 691 1618 et
707 1558 741 1619 l).
757 1560 942 1636 Wagnerum
963 1559 1082 1634 exarsit,
1098 1579 1176 1641 quos

281 1656 517 1736 Weigelianismi
544 1665 575 1719 et
599 1658 809 1738 sycophantias
837 1657 1032 1736 insimulavit,
1059 1661 1114 1724 sed
1135 1661 1176 1722 ob

282 1757 314 1818 id
336 1758 498 1838 increpitus
520 1758 585 1818 dira
604 1779 658 1818 sua
678 1758 831 1819 mendacia
852 1760 902 1820 22.
913 1759 997 1838 Sept.
1016 1761 1177 1838 resorbuit,

283 1866 410 1920 testatus
430 1867 493 1920 tota
513 1860 632 1920 actione
646 1860 742 1921 virum
764 1856 937 1942 loquentiae
947 1859 1065 1934 multae,
1081 1861 1177 1940 pieta·

283 1959 323 2020 tis
350 1959 477 2034 nullius,
510 1958 581 2040 toga
608 1956 706 2035 sacri,
740 1972 841 2021 mente
867 1960 1042 2040 profanum,
1069 1962 1177 2024 frontis

282 2060 453 2138 perfrictae,
475 2061 538 2122 oris
558 2059 746 2140 putidissimi,
769 2067 850 2122 secta
872 2060 1061 2140 Epicureum,
1083 2081 1177 2142 opere

284 2161 491 2237 simoniacum,
507 2161 727 2224 ecclesiasticae
743 2161 787 2222 rei
804 2179 996 2241 summopere
1015 2162 1178 2224 formidan-

285 2262 366 2323 dum.
388 2263 497 2342 Magna
513 2281 584 2341 pars
599 2263 669 2322 anni
686 2261 896 2322 molestissima
913 2263 968 2322 hac
985 2263 1179 2326 contentione

284 2371 352 2424 acta
373 2370 431 2439 est,
454 2364 542 2440 cujus
562 2363 711 2424 materiam
735 2362 813 2422 scire
834 2363 1017 2442 posteritatis
1044 2363 1178 2428 interest.

285 2465 400 2540 Fuere,
427 2483 557 2544 quorum
583 2483 653 2543 pars
681 2481 752 2542 ego,
775 2463 826 2544 qui
852 2466 977 2526 choreas
1004 2463 1178 2544 insolentes,

286 2564 553 2626 commessationes
585 2565 758 2644 frequentes
794 2566 1094 2646 profusissimumque
1127 2586 1180 2628 ve-

287 2665 377 2726 stium
404 2665 507 2727 laxum
528 2664 560 2724 in
586 2663 700 2742 patriae
720 2665 837 2726 excidio
860 2675 890 2728 et
917 2667 1083 2730 incolarum
1110 2667 1180 2730 binc

286 2766 359 2826 inde
377 2766 522 2845 angustiis
550 2763 684 2826 maximis
710 2765 916 2846 intempestiva
938 2775 967 2830 ct
986 2767 1104 2848 legibus
1126 2787 1180 2832 co·

287 2868 419 2928 creanda
438 2867 617 2945 judicarent.
655 2865 716 2926 Alii
743 2883 804 2928 non
832 2868 897 2930 tam*
917 2867 1073 2930 toleranda
1094 2877 1124 2932 et
1149 2870 1180 2932 in

287 2967 428 3029 solatium
447 2967 565 3029 miseris
585 2967 691 3043 danda,
708 2987 806 3049 qnam,
824 2968 907 3050 quasi
930 2968 1076 3048 religione
1095 2975 1180 3032 tena-

286 3077 407 3142 rentur,
435 3067 626 3143 stabilienda,
652 3068 727 3148 ipsis
757 3068 844 3129 etiam
870 3068 976 3130 diebus
1003 3069 1180 3136 solennibus
1242 3147 1248 3162 .

288 3169 453 3246 majoribus
481 3176 511 3229 et
535 3168 695 3230 interdicto
727 3169 921 3230 concedenda
950 3173 1180 3250 contenderunt,

289 3268 431 3350 quicquid
452 3268 539 3328 etiam
561 3269 680 3330 coelum
700 3269 850 3350 prodigio,
870 3270 1101 3348 fl.lllaji,terra
1115 3274 1179 3335 aln-
1223 3353 1226 3360 Ι

288 3370 380 3430 aione
398 3370 449 3430 28.
463 3367 554 3443 Junii,
576 3377 679 3448 partus
696 3371 783 3431 etiam
798 3371 1044 3434 monstrosissimi
1054 3373 1179 3434 Winne-

289 3469 346 3530 tiae
372 3470 400 3528 4.
418 3468 569 3546 Septemb.
598 3477 628 3530 et
809 3471 879 3532 mali
909 3471 998 3534 nobis
1030 3473 1179 3535 minaren-

288 3578 347 3630 tur.
392 3567 491 3646 Capul
512 3569 619 3630 boram
642 3590 675 3631 se
696 3569 852 3634 Vulcanus
874 3572 951 3649 fecit,
973 3571 1037 3651 ipse
1059 3575 1179 3654 quidem
