3025 4409
332 427 394 492 Μ
442 437 447 446 -
608 421 741 480 crocu.
767 423 952 486 insulan.

269 648 271 652 ,
374 578 456 642 Nihil
476 580 571 662 magis
590 579 622 643 in
642 582 722 646 votis
742 581 848 672 habeo,
873 603 962 665 quam
981 589 1016 647 ut
1036 586 1121 668 quod
1133 589 1237 656 verbis

333 679 412 742 inter
436 702 495 744 nos
515 688 615 745 actum
640 691 704 761 est,
730 704 765 746 re
793 683 1016 764 comprobetur.
1063 687 1120 768 Egi
1141 709 1176 752 ea
1196 692 1237 754 de

334 800 369 844 re
389 803 457 844 curn
477 783 595 864 collega
615 805 685 848 meo
707 788 746 847 D.
757 786 827 848 Jon.
844 784 935 847 Ulric.
956 785 1129 866 Pregizero,
1151 797 1236 856 uter-

333 903 393 965 que
404 885 448 947 sio
458 887 676 963 consensimus,
693 887 762 968 quia
775 885 994 976 sexagesimum
1005 907 1117 952 annum
1132 911 1236 973 egres-

334 987 376 1049 sis
396 1007 480 1050 mors
502 986 650 1063 imminet,
673 1007 689 1047 e
710 1007 745 1048 re
766 987 886 1067 publica
906 987 987 1065 fore,
1016 989 1042 1050 si
1063 990 1234 1058 viventibus

333 1095 364 1150 et
381 1087 551 1150 valentibus
571 1088 660 1150 nohis
680 1087 774 1169 aliqui
787 1108 903 1151 summo
914 1089 1099 1154 Doctoratus
1115 1095 1234 1160 honore

333 1191 566 1265 decorarentur,
589 1189 641 1270 qui
661 1189 750 1251 nohis
772 1190 834 1252 sato
857 1189 966 1252 iunctis
987 1192 1037 1253 vel
1058 1197 1233 1277 succedere,

332 1294 381 1354 vel
402 1293 479 1356 alios
498 1311 697 1354 successuros
717 1291 824 1352 eodem
840 1291 957 1355 honore
973 1313 1083 1357 ornare
1095 1285 1231 1377 possent.

333 1394 400 1455 Tibi
422 1412 513 1476 quem
540 1395 759 1472 praeferamus,
787 1399 841 1454 aut
864 1394 1106 1476 aequiparemus,
1135 1404 1232 1464 nemi-

330 1513 400 1556 nem
426 1494 579 1556 hahemus.
627 1496 726 1556 Deum
753 1512 894 1573 rogamus
921 1502 1063 1580 uterque,
1090 1507 1124 1562 ut
1152 1501 1232 1583 det)

275 1575 283 1589 ⁹
330 1615 389 1659 avo
410 1602 464 1660 tuo
482 1599 520 1659 D.
535 1594 653 1656 Jacobo
671 1594 821 1674 Andreae,
843 1616 983 1678 praepos.
999 1606 1029 1662 et
1049 1601 1230 1668 cancellario

331 1697 482 1780 quondam
507 1702 614 1760 nostro
642 1697 842 1778 Tubingensi,
866 1698 944 1761 'viro
978 1701 1016 1762 de
1043 1702 1173 1766 ecelesia
1200 1713 1231 1768 et

330 1799 435 1862 schola
455 1808 560 1862 nostra
580 1799 736 1879 praeclare
756 1799 875 1878 merito,
897 1801 1058 1864 autoritate
1080 1809 1110 1865 et
1129 1805 1230 1870 fructu

329 1901 361 1964 iu
382 1902 540 1965 ecclesiam
562 1901 782 1976 redundaturo,
805 1919 868 1962 non
888 1900 1036 1964 minorem
1056 1904 1158 1984 saciat,
1180 1910 1230 1970 cui

328 2009 359 2066 te
390 2004 648 2080 commendamus,
684 2009 713 2064 et
742 2001 869 2064 salutem
896 2002 1054 2082 plurimam
1086 2006 1229 2072 fratribus

329 2105 443 2168 nostris
472 2105 598 2186 collegis
620 2106 693 2181 tuis,
721 2103 834 2166 nostris
856 2104 957 2166 verbis
977 2106 1115 2169 nunciari
1143 2111 1227 2190 cupi-

331 2225 407 2270 mus.
449 2207 564 2270 Dabam
584 2207 616 2268 in
641 2226 709 2270 meo
730 2225 854 2267 musaeo
876 2207 973 2286 pridie
993 2209 1226 2290 Bartholomaei,

328 2326 408 2368 auno
430 2309 521 2371 1641.
555 2309 593 2371 V.
608 2308 645 2372 R.
657 2311 695 2370 D.
708 2307 928 2372 addictissimus

556 2409 705 2472 Melchior
724 2410 844 2472 Nicolai
864 2413 900 2474 D.
959 2414 1224 2493 procanoellarius.

369 2508 455 2570 Meae
475 2529 550 2572 vero
578 2512 616 2572 ad
637 2512 727 2574 With.
747 2512 976 2578 Heerbrandum
998 2521 1028 2576 et
1047 2516 1098 2578 Jo.
1119 2517 1224 2582 Joach.

327 2610 521 2674 susannam
541 2613 595 2677 ia:
1219 2600 1222 2617 '

367 2712 400 2773 S.
422 2713 454 2773 P.
477 2713 511 2776 0.
552 2713 724 2777 admodum
751 2721 910 2782 reverendi
938 2727 967 2783 et
994 2724 1224 2804 praeclarissimi

323 2812 394 2890 viri,
426 2814 560 2878 fautores
591 2818 813 2881 honoratissimi
843 2827 873 2882 et
903 2822 935 2884 in
964 2822 1086 2888 Christo
1116 2835 1222 2891 nostro

324 2916 433 2977 tratres
453 2917 673 2980 amantissimi·
876 2922 877 2927 ’

366 3017 400 3078 si
426 3018 492 3099 quis
517 3021 595 3098 torte
616 3020 757 3099 miretur,
784 3024 856 3106 quid
876 3025 946 3088 mihi
967 3027 998 3090 in
1019 3037 1149 3095 mentem
1169 3055 1221 3096 ve*

321 3118 414 3195 uerit,
441 3126 475 3181 nt
500 3141 648 3184 annorum
674 3143 709 3185 ao
729 3125 761 3187 in
783 3126 910 3190 ecclesia
931 3129 1044 3196 Christi
1063 3155 1221 3199 munerum

321 3230 418 3297 satur,
445 3223 528 3303 quod
552 3225 679 3286 florente
705 3233 803 3289 aetate
830 3235 860 3292 et
885 3230 1075 3300 facultatibus
1096 3237 1219 3318 integris

321 3323 604 3403 praetermisissem,
630 3347 712 3390 nunc
738 3329 858 3395 demum
877 3334 1061 3402 Doctoratus
1082 3339 1114 3402 in
1133 3342 1218 3404 theo-

310 3533 315 3539 ’
385 3538 415 3608 a)
432 3535 506 3595 θοὰ(
518 3537 549 3593 Β.
568 3544 596 3594 et
613 3555 652 3601 aa
673 3542 714 3598 'l'a
730 3557 782 3598 avo
800 3548 857 3605 tuo.
