3025 4409
466 458 646 515 Continentur
662 457 782 511 incendii
799 454 957 527 descriptio.
1117 463 1159 523 73

262 617 382 694 audivit,
406 636 442 678 ac
462 617 512 677 vix
525 622 639 677 vestem
655 621 833 679 nocturnam
849 611 1067 687 circumvolvit,
1088 632 1157 675 cum

262 718 396 799 fugiendi
415 725 534 797 tempus
555 717 618 779 luit.
649 714 833 779 Convasavit
852 720 950 774 tamen
968 712 1087 773 reculas
1102 713 1159 775 ali-

261 840 335 901 quae
365 827 396 881 et
420 818 558 899 periculo
591 817 673 897 quod
700 814 974 896 praesentissimum
1005 822 1069 873 erat
1098 816 1157 877 eri-

259 920 334 999 puit.
392 920 477 981 Hauc
510 926 624 980 sortem
654 937 720 979 cum
755 921 885 997 quatuor
908 913 975 975 aliis
1000 916 1158 993 puerperis

258 1018 345 1094 tulit,
372 1019 482 1099 quibus
509 1039 527 1079 a
554 1025 641 1098 partu
667 1016 856 1098 paucissimis
877 1014 983 1077 diebus
1007 1016 1157 1095 respirare

258 1119 353 1183 licuit
387 1123 420 1181 lu
441 1139 511 1181 arce
532 1119 641 1181 illustri
656 1117 773 1197 asylum
793 1118 900 1178 iterum
920 1116 984 1191 init,
1004 1117 1158 1198 benignis-

260 1222 337 1283 sima
367 1222 485 1301 hospite
508 1222 547 1282 D.
567 1218 739 1281 Elizabetha
766 1217 976 1297 aLaimingen
1004 1219 1158 1281 Francisci

260 1322 410 1383 Ludovici
432 1320 536 1383 Zornii
551 1317 757 1381 Bulachieusis
779 1317 923 1397 praelecti
941 1318 1064 1395 maJ'oris
1085 1339 1160 1381 con-

255 1424 348 1501 juge,
379 1441 440 1503 quo
470 1420 557 1483 etiam
585 1420 682 1483 delata
702 1420 876 1481 Melchioris
898 1418 1033 1497 Beugelii
1054 1419 1160 1482 decani

260 1542 342 1584 uxor·
363 1523 427 1600 jam
453 1522 553 1583 multis
574 1528 643 1583 ante
664 1521 835 1601 septimanis
855 1519 969 1581 lectulo
985 1522 1161 1600 gravissime

262 1624 332 1684 lixa.
376 1625 479 1704 ltaque
506 1631 540 1683 ut
558 1620 720 1683 Bulachius
746 1621 869 1681 maritus
894 1622 927 1681 in
952 1622 1077 1685 mediam
1106 1645 1159 1686 us-

263 1743 324 1804 que
349 1732 469 1785 noctem
495 1744 531 1785 ao
558 1722 636 1785 ultra
658 1731 782 1785 strenue
803 1724 970 1797 monendo,
993 1723 1160 1803 dirigendo,

264 1825 470 1902 consulendo,
493 1826 533 1887 ita
554 1825 619 1904 ipsa
633 1824 818 1904 recipiendo,
840 1824 1040 1889 custodiendo
1054 1826 1160 1887 loven-

264 1925 367 2006 doque
389 1946 493 1988 omnes
514 1925 718 1987 nobilissimae
739 1924 858 2005 pietatis
879 1944 1022 1986 numeros
1047 1945 1105 2004 pro
1126 1946 1161 1987 se

226 2086 231 2105 ,
264 2027 395 2107 quisque
415 2026 624 2107 adimplevere.
671 2026 794 2088 Interim
814 2045 864 2087 res
884 2045 968 2087 meae
988 2045 1051 2087 nou
1072 2026 1162 2106 plane

265 2136 338 2191 sunt
347 2129 498 2203 desertae,
513 2128 567 2189 sed
584 2127 748 2189 amicorum
761 2126 877 2207 aliquot
886 2127 1020 2205 inprimis
1031 2127 1072 2189 M.
1085 2128 1161 2191 Cas-

265 2230 333 2309 pari
353 2229 448 2290 Dirrii
468 2228 644 2307 paedagogii
665 2230 763 2291 nostri
785 2227 929 2307 collegae,
950 2239 1058 2307 postea
1073 2230 1163 2292 etiam

267 2330 309 2390 M.
327 2328 508 2408 Wolffgangi
529 2328 694 2409 Moeglingi
715 2329 1040 2391 Lamershaemeusium
1060 2338 1163 2410 pasto-

268 2430 312 2491 ris
336 2450 373 2491 ac
395 2428 516 2489 Martini
535 2430 697 2491 Rotackeri
726 2430 874 2493 scriniarii
901 2429 1044 2493 fidelitate
1069 2453 1163 2513 qnan-

270 2540 335 2591 tum
356 2529 548 2591 tumultuaria
568 2530 759 2593 festinatione
780 2533 846 2594 fieri
868 2534 968 2613 potuit
988 2532 1162 2609 dissolutae,

270 2631 385 2707 ejectae
401 2636 430 2691 et
446 2629 476 2689 iu
495 2631 686 2709 propatulum
702 2632 875 2712 deportatae
891 2639 1062 2713 tractaeque
1078 2640 1163 2706 sunt;

271 2750 345 2811 quas
367 2729 511 2811 quicquid
531 2732 650 2792 taudem
671 2732 833 2794 defalcatae
853 2732 928 2808 siut,
948 2733 1043 2794 miror
1062 2734 1165 2795 adme

270 2830 373 2913 aliquo
400 2850 526 2893 numero
551 2833 692 2910 rediisse,
720 2833 773 2895 tali
802 2834 901 2895 lurum
927 2832 977 2894 vel
1003 2833 1165 2914 sacrilego-

271 2952 339 2995 rum
365 2933 468 3012 potius
494 2934 691 2995 multitudine.
733 2933 799 2995 Nec
820 2934 898 2994 enim
919 2933 1076 3014 quisquam
1095 2935 1166 2995 milri

273 3034 417 3095 scribenti
440 3033 526 3095 facile
552 3035 654 3095 credet
680 3053 744 3095 eam
771 3052 839 3095 esse
865 3033 1094 3095 christianorum
1120 3036 1166 3097 di-

272 3134 403 3209 ritatem,
431 3140 465 3194 ut
484 3135 639 3213 proximos
660 3145 799 3215 quosque
820 3153 893 3196 suos
921 3134 1012 3196 rebus
1033 3134 1164 3198 afflictis-

274 3235 355 3297 simis
384 3238 413 3297 et
438 3244 591 3297 aestuante
617 3235 675 3295 Dei
700 3235 743 3297 ira
769 3234 900 3315 spolient
924 3256 960 3297 ac
981 3235 1165 3314 depraeden-

274 3342 331 3397 tur.
387 3335 506 3397 Dirrius
537 3343 643 3413 postea
668 3336 845 3397 laudabilem
872 3355 994 3416 operam
1021 3335 1168 3415 praestitit

276 3455 341 3497 curu
376 3436 482 3516 organi
513 3435 618 3497 musici
651 3436 765 3499 fistulas
793 3436 855 3517 igni
881 3436 1035 3498 subtraxit
1084 3435 1167 3497 ldem

276 3536 324 3597 alii
356 3538 387 3597 iu
424 3536 584 3615 horologio
616 3537 798 3600 resolvendo
831 3538 967 3600 lecerunt
999 3556 1074 3599 ausu
1107 3546 1167 3598 tam
