3025 4409
331 489 391 550 1⁶6
592 482 675 537 Liber
689 482 734 536 lV.
770 481 953 540 leno—1639.

330 639 417 700 etiam
446 640 660 719 superstitione
689 641 856 720 supererit,
896 640 1066 702 meminisse
1103 640 1225 718 poterit,

329 746 442 820 quanto
462 760 566 819 opere,
587 742 696 822 quibus
718 741 863 816 consiliis,
885 761 945 820 qua
965 736 1104 801 molestia
1123 739 1225 818 sesqui

329 840 411 901 mille
436 841 623 902 florenorum
643 842 795 920 impendio
817 840 908 902 rebus
930 840 1023 918 ipsius
1045 839 1225 902 arctioribus

328 940 520 1003 adsuerimus.
550 943 607 1003 Eat
627 951 658 1004 et
669 939 864 1018 teterrima*)
885 940 1070 1002 conscientia
1090 961 1145 1002 sua
1159 949 1225 1001 tan-

329 1048 392 1103 tum
412 1043 515 1104 bolum
537 1041 733 1119 devoret**).
777 1043 951 1104 Translatus
973 1041 1061 1102 etiam
1084 1042 1141 1102 sub
1162 1042 1224 1102 Au-

330 1143 410 1221 gusti
434 1142 524 1203 finem
550 1150 610 1218 est,
642 1143 695 1223 qui
720 1145 813 1204 totius
842 1141 978 1203 sexennii
1004 1141 1226 1203 combinatione

331 1243 430 1304 minus
450 1243 581 1304 fraterna
598 1243 671 1318 tide,
698 1263 791 1322 opera
820 1249 850 1303 et
870 1243 1100 1304 conversatione
1122 1232 1225 1302 convi-

332 1341 460 1416 xit¹⁴⁷)
487 1343 617 1423 indeque
648 1350 709 1405 tres
738 1349 948 1405 antecessores
976 1343 1102 1404 immane
1130 1361 1225 1422 quau-

333 1449 396 1504 tum
419 1442 679 1504 desiderabiliores
700 1444 785 1504 iecit:
807 1444 906 1522 proin,
923 1445 1005 1524 quod
1022 1444 1062 1505 ob
1079 1443 1109 1504 id
1128 1444 1225 1504 eccle-

333 1544 378 1606 sia
397 1542 550 1604 laboraret
570 1550 600 1604 et
619 1543 690 1604 mibi
715 1563 806 1622 saepe
827 1563 940 1623 agones
960 1545 1072 1606 dudum
1094 1544 1226 1623 superati

332 1645 502 1719 interirent,
534 1645 703 1724 praesentia
729 1665 802 1706 vero
836 1646 934 1706 studia
960 1645 1149 1706 elevarentur
1175 1651 1227 1705 aut

333 1752 549 1820 everterentur,
566 1745 764 1825 suspiriorum
780 1755 810 1808 et
822 1747 983 1827 gemituum
996 1746 1157 1825 plurimum
1174 1765 1226 1806 ex-

331 1846 455 1925 pressit;
478 1851 597 1906 caetera
615 1866 677 1907 non
697 1847 929 1928 improbandus,
956 1848 1011 1907 sed
1033 1853 1063 1907 et
1083 1847 1227 1906 hactenus

332 1947 578 2026 suspendendus,
599 1947 670 2008 dum
689 1948 779 2008 animi
800 1947 976 2008 cruditatem
997 1947 1117 2026 saepius
1138 1965 1227 2027 quam

333 2068 369 2109 ex
392 2049 506 2109 decoro
534 2068 567 2109 se
593 2049 693 2127 palam
713 2055 914 2126 exponentem
935 2053 1047 2127 coquat
1068 2056 1226 2128 recoquat-

333 2168 393 2230 que
414 2156 444 2209 et
464 2150 552 2208 novis
573 2149 697 2210 somniis
719 2155 853 2209 veterum
875 2148 1079 2227 experimenta
1099 2149 1226 2224 conjun-

334 2255 393 2329 gat.
425 2251 542 2309 Durum
563 2255 662 2310 autem
684 2257 730 2309 est
750 2269 818 2310 curu
839 2249 953 2328 impari,
975 2248 1066 2310 rebus
1087 2267 1226 2327 praeser-

333 2352 385 2412 tim
407 2349 598 2423 difficillimis,
615 2351 722 2427 jugum
742 2350 869 2423 trabere,
891 2357 921 2411 et
941 2348 972 2408 id
993 2347 1093 2427 potius
1114 2351 1226 2424 hostes,

333 2470 424 2530 quam
438 2447 653 2526 consanguinei
667 2456 899 2528 conquerantur.
934 2447 1004 2510 Non
1022 2449 1090 2510 tulit
1110 2450 1157 2510 bic
1174 2471 1226 2512 an-

332 2570 392 2613 nus
417 2549 544 2611 multum
570 2548 756 2627 scriptionis,
786 2569 853 2610 cum
875 2555 905 2610 et
924 2569 1077 2611 musaeum
1098 2550 1227 2626 deesset,

334 2660 364 2713 et
383 2642 538 2714 literarum
559 2649 770 2711 commercium
786 2647 1083 2724 intercedisset***).
1118 2655 1227 2712 Datum

334 2760 432 2813 tamen
452 2750 587 2812 nonnihil
608 2761 654 2813 est
674 2752 822 2832 quereliS,
849 2750 1117 2832 supplicationibus
1139 2761 1169 2813 et
1189 2754 1228 2814 ad

332 2851 453 2913 militiae
473 2851 652 2932 praefectos,
673 2850 700 2912 si
720 2851 773 2932 qui
793 2851 999 2914 familiariores
1020 2861 1113 2928 erant,
1135 2853 1228 2914 inter·

333 2952 531 3029 cessionibus,
552 2972 628 3033 qnae
649 2973 716 3014 cnm
734 2953 803 3013 urbi
823 2953 891 3014 huic
910 2951 993 3014 bono
1016 2958 1045 3012 et
1058 2952 1228 3016 levamento

334 3054 483 3115 interdum
501 3053 652 3128 cederent,
669 3054 815 3128 lecerunt,
829 3065 862 3114 ut
876 3053 973 3114 minus
988 3052 1116 3114 haberer
1130 3053 1228 3134 (quod

330 3156 393 3232 jam
419 3155 555 3233 ceperat)
578 3155 739 3235 neglectui.
792 3155 836 3216 Ex
858 3155 894 3216 iis
917 3162 1097 3233 supererunt
1118 3154 1228 3214 'lhreni

402 3319 428 3386 *)
446 3315 514 3368 Cod.
532 3319 562 3370 A.
581 3318 610 3371 B.
629 3324 657 3371 et
674 3335 711 3372 a:
729 3318 884 3372 tenerrima.

380 3401 427 3472 ll)
445 3400 513 3454 Cod.
532 3403 561 3454 A.
573 3401 604 3455 Β.
615 3407 643 3455 et
659 3417 697 3455 a:
716 3403 837 3468 devoret,
850 3401 1075 3471 Lutheranosque
1092 3402 1229 3456 bonorum

337 3502 452 3558 operum
469 3499 567 3540 cassos
584 3492 702 3540 accuset

369 3571 432 3642 θ’)
449 3571 518 3626 God.
536 3573 565 3626 A.
583 3571 614 3624 Β.
632 3577 661 3625 et
677 3588 715 3625 a:
732 3569 925 3626 intercidisset
