3025 4409
346 507 406 568 tao
618 499 701 552 liber
717 497 762 552 1v.
799 497 981 554 lusa-1639.

347 655 458 734 septies
477 655 616 731 millium,
643 656 796 716 hominnm
817 675 890 716 vero
912 655 1000 736 plane
1023 663 1053 716 et
1073 657 1241 718 inaestima-

345 758 435 818 bilem
453 765 483 818 et
496 755 733 835 irreparabilem3
747 776 765 816 e
782 777 911 837 quorum
927 775 1036 835 magno
1055 765 1085 816 et
1101 757 1242 818 luctuoso

345 879 472 920 numero
498 877 613 936 paucos
638 855 757 937 aliquos
784 877 846 918 uon
871 858 1036 936 praeterire
1057 857 1171 931 visum,
1199 878 1241 919 so.

347 969 376 1021 et
394 955 504 1035 olea*)
522 958 680 1018 Andreana
695 966 862 1038 proventus
881 959 1018 1019 ubertate
1033 978 1131 1038 nuper
1150 960 1241 1039 gravi,

345 1059 485 1122 surculos
513 1058 719 1120 Eberhardum
751 1066 782 1120 et
805 1059 976 1138 Philippum
1000 1061 1122 1136 Jacobi,
1154 1061 1243 1124 Jaco-

344 1163 416 1223 bum
437 1159 560 1220 Davidis
580 1159 659 1220 filios
680 1159 836 1234 Andreae,
860 1159 926 1220 doh.
950 1161 1166 1240 Georgiumet
1186 1163 1242 1223 Er-

344 1263 468 1322 hardum
489 1261 613 1320 Erhardi
634 1261 713 1322 lilios
736 1260 865 1336 Cellios,
889 1281 926 1321 ex
947 1263 1044 1323 Freiis
1067 1261 1242 1324 Sebusianis

345 1383 437 1425 unum
463 1362 650 1440 alterumque
672 1368 702 1421 et
725 1361 816 1440 longe
838 1361 1121 1424 desideratissimum
1144 1385 1241 1427 meum

345 1466 511 1525 iohannem
532 1463 656 1524 domam
678 1460 832 1537 Andreae,
860 1483 898 1523 ex
919 1464 1010 1524 fratre
1029 1465 1167 1526 dohanne
1188 1486 1241 1527 ne-

345 1572 446 1644 potem
467 1571 532 1624 toto
550 1561 697 1622 deo-ennio
716 1562 797 1622 domi
819 1583 901 1625 meae
922 1563 1025 1625 alitum
1046 1566 1133 1626 etad
1156 1586 1240 1645 spem

344 1665 500 1726 maximam
522 1670 657 1724 evectum
679 1669 768 1743 atque
790 1664 829 1724 ob
851 1663 962 1743 ingenii
981 1663 1188 1726 amabilitatem
1212 1675 1242 1727 et

345 1786 462 1827 morum
473 1764 661 1845 obsequium,
679 1764 792 1844 siquid
808 1763 978 1825 humanitus
993 1764 1154 1845 contingat,
1171 1767 1240 1828 hae-

344 1868 446 1928 redem
463 1865 532 1926 mihi
547 1865 735 1926 destinatum.
767 1866 814 1926 Ex
834 1864 1014 1926 Osiandrina
1029 1865 1241 1928 florentissima
1284 1897 1289 1900 ·

344 1969 470 2042 arbore,
497 1967 677 2045 losephum,
706 1964 934 2042 Andream**),
962 1965 1133 2028 cancellarii
1150 1968 1240 2046 filios

342 2069 480 2150 proxima
499 2067 658 2147 agnatione
679 2068 869 2143 conjunctos.
901 2067 1049 2127 Pueritiae
1073 2087 1155 2129 meae
1176 2076 1240 2131 tres

343 2171 448 2233 ordine
464 2170 657 2242 formatores,
675 2166 876 2241 Banzhahum,
901 2167 1083 2228 Roeschium
1106 2178 1136 2230 et
1150 2171 1240 2232 Fabri
1275 2233 1281 2244 ,

344 2271 470 2333 candide
491 2269 624 2329 meritos.
666 2266 808 2327 Affinium
830 2285 902 2328 vero
925 2275 955 2328 et
975 2267 1127 2330 interioris
1149 2278 1239 2332 notae

343 2372 507 2433 amicorum
529 2367 750 2443 selectissimoS,
768 2367 901 2428 Blasium
922 2369 1032 2443 Braun,
1048 2369 1239 2432 Johssernh.

343 2469 541 2541 Varenbiiler‚
562 2467 707 2527 Davidem
724 2467 798 2543 Bab,
813 2467 881 2530 Joh.
896 2467 1029 2528 Ulricum
1041 2469 1238 2546 Thummium‚

342 2568 587 2633 Joh.sebastian.
602 2567 807 2644 Wielandum,
830 2567 1001 2639 Samuelem
1022 2570 1158 2644 Martini,
1180 2572 1239 2633 Fe-

342 2672 429 2733 licem
452 2672 618 2749 Gasparum
641 2677 672 2730 et
691 2669 859 2730 inexhausti
881 2669 965 2729 illum
986 2669 1097 2748 ingenii
1119 2677 1149 2730 et
1170 2689 1239 2732 eru-

343 2771 464 2833 ditionis
483 2771 551 2831 Joh.
565 2770 767 2849 Spindlerum.
795 2768 949 2849 Reliquos,
972 2769 1024 2849 qui
1043 2769 1093 2830 vel
1115 2770 1239 2830 commi·
1264 2842 1265 2846 Ἰ

340 2872 465 2947 litoneS,
486 2871 535 2932 vel
557 2871 707 2952 collegae,
728 2871 777 2930 vel
799 2869 970 2950 cognitione
992 2876 1021 2930 et
1041 2869 1239 2948 familiaritate

342 2972 490 3034 notabiles
515 2972 639 3048 luerint,
671 2991 844 3047 recensere,
872 2970 990 3031 fastidio
1014 2960 1122 3031 lectori
1149 2971 1238 3047 foret,

343 3093 411 3134 cum
426 3072 635 3154 quadringenti
653 3072 731 3133 sacri
752 3079 865 3133 tantum
888 3071 1002 3132 ordinis
1024 3071 1081 3132 viri
1101 3090 1162 3131 una
1183 3072 1239 3132 hac

342 3174 485 3254 charybdi
505 3180 686 3235 censeantur
705 3172 848 3252 absorpti.
891 3171 1055 3248 Quiescant
1077 3173 1187 3252 singuli
1208 3181 1240 3234 et

342 3277 412 3339 dum
432 3275 480 3337 hic
500 3273 641 3350 haerebo,
664 3276 789 3336 honesta
810 3273 952 3335 memoria
972 3293 1086 3352 eorum,
1108 3275 1160 3354 qui
1180 3275 1238 3336 mei
1309 3277 1312 3290 ⁴

389 3542 420 3610 l)
437 3540 505 3594 Cod.
523 3556 561 3598 a:
584 3553 619 3592 ex
637 3538 706 3594 olea.

372 3624 418 3695 ll)
433 3624 654 3680 God.A.B.eta.a
666 3625 800 3681 andream
810 3623 984 3682 etDanielem
998 3624 1097 3680 tratres
1104 3625 1236 3682 Andreae.
