3025 4409
334 430 396 542 lte
605 474 688 528 Liber
704 472 747 528 IV.
785 471 968 530 1630-1639.

334 631 451 707 vidisti,
478 630 569 708 hodie
596 629 737 692 tumulari
764 629 876 692 audias.
930 628 1056 692 Accedit
1085 629 1182 692 victus
1210 637 1240 692 et

334 731 460 793 amictus
492 730 595 810 inopia
623 730 766 793 divitibus
795 741 825 792 et
858 731 1041 811 pauperibus
1073 749 1111 792 ex
1138 746 1239 810 aequo

335 832 458 912 partita,
486 832 536 893 eoi
558 830 598 891 ob
621 831 755 892 funestas
776 830 840 892 vias
862 851 951 892 nemo
973 831 1090 892 vicinus
1113 847 1238 892 succur-

335 954 404 994 rere
424 940 532 1012 potest.
584 931 661 990 'lum
687 929 827 992 imbellae
848 929 952 992 aetatis
973 932 1053 992 humi
1073 937 1187 994 stratae
1208 939 1240 994 et

334 1035 374 1094 ab
393 1031 473 1094 aeris
492 1031 603 1109 injuria
622 1031 759 1110 nuspiam
780 1038 876 1092 tectae
897 1031 978 1092 lenta
995 1030 1187 1109 consumptio
1208 1039 1240 1092 et

335 1133 506 1196 lactentium
532 1150 569 1192 ex
595 1143 722 1193 matrum
742 1138 875 1193 tremore
903 1139 1048 1209 corrupto
1070 1151 1165 1192 snccu
1185 1151 1239 1192 ve-

337 1235 381 1298 lut
400 1253 519 1294 veneno
540 1231 678 1307 infectio,
699 1231 824 1311 insuper
845 1230 1071 1292 vulneratorum
1092 1247 1163 1310 post
1184 1253 1239 1294 ex-

336 1333 464 1416 quisitos
479 1333 602 1394 dolores
617 1340 646 1392 et
664 1352 720 1412 per
732 1339 853 1393 tenuem
870 1351 972 1394 curam
987 1331 1144 1410 expiratio,
1160 1353 1240 1414 quae

335 1435 483 1495 malorum
517 1434 675 1512 congeries
709 1433 760 1492 lue
793 1432 975 1494 succedente
1001 1432 1085 1494 velut
1112 1453 1239 1494 examen

336 1555 424 1614 apum
445 1533 615 1596 morbidum
637 1533 799 1594 concidere
820 1551 878 1594 nos
901 1538 931 1592 et
952 1551 1007 1612 per
1024 1533 1158 1612 singulas
1173 1535 1239 1596 dies

336 1636 418 1698 sanis
436 1634 569 1714 septenis
586 1641 616 1694 et
638 1634 718 1694 ultra
737 1632 894 1694 funeribus
916 1635 1064 1696 attenuari
1084 1635 1163 1696 facit.
1193 1636 1239 1696 lta

336 1737 491 1798 haeremus
517 1735 547 1794 in
574 1734 658 1795 urbis
685 1734 802 1813 pridem
829 1733 902 1796 setis
929 1737 1085 1815 spaciosae
1114 1743 1143 1796 et
1167 1755 1238 1815 spe-

336 1836 437 1897 ciosae
457 1835 542 1896 velut
559 1835 736 1914 appendice,
757 1835 850 1896 rebus
869 1835 1010 1898 omnibus
1029 1837 1174 1898 humanae
1191 1837 1238 1898 vi-

336 1945 384 1998 tae
409 1935 544 1998 subsidio
572 1936 679 1996 debitis
711 1955 774 1996 non
801 1942 860 1995 tam
894 1938 991 2011 exuti,
1030 1958 1119 2019 quam
1152 1943 1237 2000 tanto

331 2043 393 2116 jam
420 2036 579 2098 intervallo
606 2035 735 2109 exclusi,
763 2035 846 2114 quod
872 2038 976 2098 nescio
1002 2059 1041 2099 an
1068 2039 1155 2100 facile
1180 2039 1239 2100 ulli

334 2138 474 2199 locorum
494 2137 702 2198 desolatorum
723 2134 893 2213 contigerit.
935 2138 1013 2198 llinc
1033 2145 1168 2200 mutuum
1188 2139 1238 2202 lu-

335 2244 441 2318 gentes
469 2244 501 2298 et
529 2236 724 2298 consolantes
750 2242 868 2314 tempus
894 2237 1053 2312 trahimus,
1085 2239 1237 2318 pendente

334 2338 418 2398 tenui
438 2337 492 2398 iilo
514 2337 575 2397 vita
596 2345 626 2398 et
646 2335 758 2396 reculis
779 2336 931 2416 quantillis
958 2339 996 2398 ad
1017 2358 1137 2400 omnem
1159 2347 1237 2402 stre-

336 2437 430 2516 pitum
451 2436 607 2514 expositis,
629 2435 761 2496 omnium
782 2442 881 2498 tamen
901 2437 1022 2500 minime
1044 2439 1082 2498 de
1103 2459 1235 2518 superna

336 2557 395 2617 ope
421 2543 452 2596 et
477 2555 578 2615 rerum
604 2535 781 2598 afflictarum
813 2538 1002 2600 restitutione
1029 2539 1236 2619 desperantes.

336 2637 451 2717 Stipcm
461 2636 582 2716 quidem
593 2636 713 2716 lugubri
727 2657 805 2700 voce
819 2639 1003 2718 pauperibus
1014 2641 1127 2702 nostris
1134 2640 1236 2721 (quod

334 2739 415 2802 unde
435 2737 541 2799 demus
561 2737 651 2798 nobis
671 2737 808 2798 relictum
829 2758 891 2800 non
913 2739 965 2816 sit)
982 2761 1000 2800 a
1019 2740 1125 2802 vicinis
1142 2759 1235 2822 quae·

335 2838 472 2912 sivimuS,
499 2836 556 2898 sed
575 2856 653 2918 quae
673 2837 704 2898 iu
725 2837 805 2898 hunc
826 2838 904 2900 diem
925 2839 1104 2904 inexorabili
1124 2841 1234 2904 duritie

334 2945 365 3000 et
384 2936 465 3017 apud
483 2944 625 3016 posteros
645 2937 799 2998 indelebili
818 2939 935 3002 macula
951 2947 1057 3018 negata
1070 2941 1160 3002 nobis
1175 2950 1232 3004 est

333 3039 415 3118 Ergo
436 3036 485 3098 vel
507 3056 545 3096 ex
570 3045 669 3100 morte
690 3039 836 3100 malorum
858 3037 927 3099 finis
948 3045 979 3098 et
998 3040 1131 3104 melioris
1152 3041 1233 3104 vitae

333 3138 448 3202 initium
470 3139 689 3216 expectandum
712 3146 772 3214 est,
801 3146 831 3200 et
851 3138 987 3200 solamen
1014 3140 1103 3202 nobis
1123 3141 1161 3202 ab
1183 3161 1232 3216 eo,

333 3242 371 3302 ad
396 3239 479 3321 quod
500 3237 551 3300 alii
570 3238 696 3300 horrent
722 3246 752 3301 et
773 3238 1024 3315 contremiscunt,
1051 3242 1231 3319 petendum:

332 3341 416 3423 quod
430 3339 554 3402 cordate
570 3337 714 3414 adbiberi,
737 3358 795 3418 ego
810 3339 925 3402 auritus
942 3346 972 3400 et
991 3339 1130 3402 oculatus
1143 3341 1230 3406 testis
1320 3408 1323 3416 ,

331 3459 400 3503 esse
427 3458 567 3519 possum,
594 3441 686 3502 modo
707 3460 786 3515 non,
813 3460 891 3524 quae
907 3441 970 3518 Jam
991 3440 1071 3520 apud
1097 3459 1155 3502 nos
1182 3449 1230 3504 est

329 3540 463 3604 omnium
479 3539 746 3627 mnaamtaeuis
768 3539 881 3604 oblivio
900 3559 936 3601 ac
951 3541 1057 3602 mortis
1074 3559 1148 3618 prae
1168 3541 1229 3602 vita
