3025 4409
316 498 357 559 58
588 484 670 539 Liber
685 484 715 538 ll.
750 484 935 541 tota-1620.

315 650 404 709 tinem
437 660 600 723 emergere.
647 641 765 702 Exinde
793 642 896 704 schola
922 663 1080 723 germanae
1106 652 1209 727 pueri-

314 750 373 811 tiae
394 745 528 807 dedicata
542 742 667 818 facilius,
688 762 745 803 nec
768 750 865 803 tamen
885 744 953 805 sine
971 747 1117 810 miraculo
1138 753 1208 830 opi-

314 870 386 925 nor,
414 848 547 909 liberata.
587 842 664 903 Nam
691 864 758 904 curn
787 850 817 903 et
844 843 933 922 plane
953 847 1156 927 negligeretur
1177 862 1209 914 et

314 951 390 1031 ignis
416 956 576 1026 utrumque
604 944 681 1006 latus
708 944 828 1004 assidue
855 944 972 1022 feriret,
1007 955 1069 1008 tum
1096 970 1206 1030 magno

314 1052 382 1113 nisu
399 1048 550 1110 hominum
565 1063 772 1126 equorumque
783 1054 863 1105 esset
880 1045 949 1106 solo
965 1049 1130 1127 aequanda,
1148 1071 1207 1113 nec

316 1152 377 1232 igni
404 1168 460 1211 nec
482 1150 563 1208 ferro
592 1146 682 1207 cessit
708 1146 837 1225 indeque
862 1141 913 1226 lad
935 1144 983 1228 sel
1007 1150 1207 1226 paucissimos

312 1252 430 1331 aliquos
459 1250 508 1327 (in
537 1248 645 1329 quibus
672 1245 864 1307 Bernhardus
891 1246 1097 1325 Engelhardns
1125 1252 1206 1315 haud

312 1358 357 1413 est
378 1350 561 1426 reticendus)
585 1349 623 1409 ad
644 1368 677 1409 se
697 1347 888 1426 provocavit,
916 1368 952 1408 ao
972 1356 1043 1427 post
1062 1350 1204 1429 exiguum

312 1464 429 1531 tempus
452 1451 575 1512 salutem
597 1447 773 1529 impetravit.
813 1448 919 1509 Voluit
938 1468 1046 1529 nempe
1066 1453 1151 1514 Deus
1173 1463 1204 1516 et

312 1552 512 1634 paedagogiae
533 1549 719 1613 Christianae
745 1555 888 1629 utrasque
913 1549 1076 1627 palaestras
1102 1559 1133 1612 et
1153 1573 1203 1614 sa-

312 1653 460 1716 crosancti
488 1651 573 1713 verbi
594 1650 756 1723 auditoria,
783 1661 846 1710 tum
867 1649 919 1730 qui
939 1650 1031 1711 sacris
1052 1653 1204 1715 ministra·

311 1762 378 1817 rent
404 1753 613 1828 habitationes,
641 1771 707 1812 cum
733 1750 870 1811 scintillis
896 1750 1028 1831 undique
1054 1774 1202 1834 consper-

309 1864 466 1939 gerentnr,
499 1874 555 1915 nec
582 1862 661 1915 esset
694 1851 745 1932 qui
772 1871 849 1931 aqna
872 1850 1038 1930 perlueret,
1069 1854 1199 1917 solidas:

309 1968 343 2020 ut
363 1965 524 2032 constaret,
545 1956 679 2016 nondum
700 1952 846 2031 religioni,
867 1952 920 2013 sed
940 1953 1120 2032 improbitati
1132 1955 1199 2017 bel-

307 2060 370 2121 lum
392 2079 408 2119 e
429 2056 523 2119 coelis
544 2056 695 2116 indictum.
732 2052 859 2113 Ultimus
880 2055 1037 2115 conflictus
1058 2063 1088 2115 et
1107 2057 1199 2117 vehe-

308 2156 507 2225 mentissimus
534 2154 710 2215 commissus
737 2159 783 2213 est
808 2171 845 2212 ex
873 2153 1026 2215 Michaelis
1051 2156 1197 2234 Beurlini‚

307 2255 528 2320 Bartholomaei
544 2252 681 2315 Gebalini
702 2258 732 2313 et
751 2252 890 2313 Andreae
910 2254 1052 2315 Schmidii
1071 2256 1196 2319 aedibus

308 2363 414 2418 contra
433 2356 574 2415 adversas
589 2352 740 2432 Rudolphi
759 2352 883 2414 llaurani
905 2361 935 2415 et
953 2326 1099 2417 iohannis
1119 2358 1195 2418 Wil-

306 2457 348 2518 dii
368 2454 499 2533 chirurgi
518 2454 603 2515 binas
625 2452 726 2533 igneas
747 2452 836 2531 plane
857 2453 978 2531 domos,
1005 2476 1097 2537 quae,
1126 2460 1198 2539 quia

306 2560 336 2620 in
356 2556 515 2636 angiporta
536 2556 574 2616 ad
594 2554 707 2615 viarum
729 2575 848 2616 erucem
869 2574 937 2615 sese
951 2555 1077 2619 invicem
1097 2560 1194 2638 respi-

305 2659 423 2722 ciebant
450 2665 480 2719 et
499 2658 643 2718 flammam
669 2656 751 2717 velut
778 2656 808 2716 in
830 2664 974 2736 punctum
994 2659 1195 2735 coarctabant,

305 2762 343 2822 de
364 2779 477 2821 summa
503 2758 547 2819 rei
573 2768 603 2817 et
628 2756 731 2836 oppidi
756 2757 872 2839 reliqna
897 2757 991 2821 salute
1019 2768 1196 2824 concertare

302 2859 455 2940 jubebant.
493 2858 570 2919 Nam
589 2866 640 2921 aut
661 2858 708 2919 hic
728 2859 931 2923 terminandus
953 2868 1016 2923 erat
1036 2860 1122 2940 ignis,
1143 2868 1196 2923 aut

303 2980 455 3042 nunquam
482 2958 603 3039 publico
632 2977 796 3038 consensu,
826 2962 909 3043 quod
928 2962 1015 3023 aliam
1035 2962 1120 3042 quasi
1140 2984 1193 3023 nr·

303 3062 371 3122 bem
396 3061 454 3123 nisi
480 3059 692 3139 reprimeretur
718 3061 766 3121 hio
787 3071 868 3124 esset
886 3082 1092 3142 aggressurus.
1134 3064 1193 3125 llic

185 3172 187 3177 ’
304 3162 416 3243 templo
439 3180 611 3241 supremum
637 3160 801 3239 periculum
823 3163 965 3238 instabat,
994 3163 1042 3224 hic
1068 3163 1192 3242 propin-

304 3263 459 3345 quioribus
480 3262 668 3342 amplissimis
688 3262 827 3338 aedibus,
848 3265 917 3339 inde
937 3263 1050 3325 curiae:
1073 3264 1193 3345 etquid

305 3385 383 3445 opus
409 3372 467 3425 tam
492 3362 663 3424 horribilem
687 3362 774 3423 aliam
800 3364 928 3425 incendii
955 3364 1062 3425 seriem
1090 3365 1191 3427 animo

305 3463 481 3545 complecti?
515 3463 618 3525 Adfuit
639 3463 716 3523 enim
734 3466 817 3526 Deus
838 3465 1096 3541 concurrentibus,
1118 3485 1191 3527 oon-

304 3565 513 3643 clamantibuS‚
535 3564 803 3641 collaborantibus,
829 3566 1048 3642 anhelantibus,
1074 3574 1194 3647 etpost
