<?xml version="1.0" encoding="UTF-8"?>
<!DOCTYPE html PUBLIC "-//W3C//DTD XHTML 1.0 Transitional//EN"
    "http://www.w3.org/TR/xhtml1/DTD/xhtml1-transitional.dtd">
<html xmlns="http://www.w3.org/1999/xhtml" xml:lang="en" lang="en">
 <head>
  <title>
</title>
<meta http-equiv="Content-Type" content="text/html;charset=utf-8" />
  <meta name='ocr-system' content='tesseract 3.04.00' />
  <meta name='ocr-capabilities' content='ocr_page ocr_carea ocr_par ocr_line ocrx_word'/>
</head>
<body>
  <div class='ocr_page' id='page_1' title='image "./ioannisvalentin00andrgoog_0244.png"; bbox 0 0 3025 4409; ppageno 0'>
   <div class='ocr_carea' id='block_1_1' title="bbox 329 495 956 561">
    <p class='ocr_par' dir='ltr' id='par_1_1' title="bbox 329 495 956 561">
     <span class='ocr_line' id='line_1_1' title="bbox 329 495 956 561; baseline 0.013 -15"><span class='ocrx_word' id='word_1_1' title='bbox 329 501 391 561; x_wconf 74' lang='lat'>234</span> <span class='ocrx_word' id='word_1_2' title='bbox 597 495 678 549; x_wconf 84' lang='lat' dir='ltr'>biber</span> <span class='ocrx_word' id='word_1_3' title='bbox 694 495 738 547; x_wconf 91' lang='lat' dir='ltr'>Vl.</span> <span class='ocrx_word' id='word_1_4' title='bbox 773 496 956 555; x_wconf 73' lang='grc'><strong>1643-1649.</strong></span> 
     </span>
    </p>
   </div>
   <div class='ocr_carea' id='block_1_2' title="bbox 326 653 1266 2744">
    <p class='ocr_par' dir='ltr' id='par_1_2' title="bbox 326 653 1266 2744">
     <span class='ocr_line' id='line_1_2' title="bbox 331 653 1221 732; baseline 0.002 -20"><span class='ocrx_word' id='word_1_5' title='bbox 331 653 431 732; x_wconf 85' lang='lat' dir='ltr'>fligata</span> <span class='ocrx_word' id='word_1_6' title='bbox 457 658 567 726; x_wconf 88' lang='lat' dir='ltr'>aetate,</span> <span class='ocrx_word' id='word_1_7' title='bbox 599 675 668 716; x_wconf 88' lang='lat' dir='ltr'>cum</span> <span class='ocrx_word' id='word_1_8' title='bbox 694 654 803 715; x_wconf 87' lang='lat' dir='ltr'>effoeto</span> <span class='ocrx_word' id='word_1_9' title='bbox 830 653 1012 732; x_wconf 87' lang='lat' dir='ltr'>corpusculo</span> <span class='ocrx_word' id='word_1_10' title='bbox 1038 673 1123 728; x_wconf 90' lang='lat' dir='ltr'>meo,</span> <span class='ocrx_word' id='word_1_11' title='bbox 1157 660 1221 714; x_wconf 87' lang='lat' dir='ltr'>tum</span> 
     </span>
     <span class='ocr_line' id='line_1_3' title="bbox 331 753 1220 830; baseline 0.002 -17"><span class='ocrx_word' id='word_1_12' title='bbox 331 753 479 814; x_wconf 87' lang='lat' dir='ltr'>deficienti</span> <span class='ocrx_word' id='word_1_13' title='bbox 504 758 664 817; x_wconf 79' lang='lat' dir='ltr'>memoriae</span> <span class='ocrx_word' id='word_1_14' title='bbox 688 775 725 815; x_wconf 88' lang='lat' dir='ltr'>ao</span> <span class='ocrx_word' id='word_1_15' title='bbox 750 753 956 815; x_wconf 80' lang='lat' dir='ltr'>vacillantibus</span> <span class='ocrx_word' id='word_1_16' title='bbox 980 754 1070 814; x_wconf 88' lang='lat' dir='ltr'>animi</span> <span class='ocrx_word' id='word_1_17' title='bbox 1096 755 1220 830; x_wconf 90' lang='lat' dir='ltr'>viribus,</span> 
     </span>
     <span class='ocr_line' id='line_1_4' title="bbox 332 852 1219 936; baseline 0.003 -23"><span class='ocrx_word' id='word_1_18' title='bbox 332 852 442 914; x_wconf 92' lang='lat' dir='ltr'>debere</span> <span class='ocrx_word' id='word_1_19' title='bbox 463 854 507 926; x_wconf 91' lang='lat' dir='ltr'>ei,</span> <span class='ocrx_word' id='word_1_20' title='bbox 537 877 613 936; x_wconf 87' lang='lat' dir='ltr'>quae</span> <span class='ocrx_word' id='word_1_21' title='bbox 634 857 713 917; x_wconf 89' lang='lat' dir='ltr'>circa</span> <span class='ocrx_word' id='word_1_22' title='bbox 733 875 781 916; x_wconf 91' lang='lat' dir='ltr'>me</span> <span class='ocrx_word' id='word_1_23' title='bbox 803 862 861 931; x_wconf 90' lang='lat' dir='ltr'>est,</span> <span class='ocrx_word' id='word_1_24' title='bbox 888 863 1079 934; x_wconf 80' lang='lat' dir='ltr'><strong>agnatorum,</strong></span> <span class='ocrx_word' id='word_1_25' title='bbox 1107 856 1219 916; x_wconf 91' lang='lat' dir='ltr'>amico-</span> 
     </span>
     <span class='ocr_line' id='line_1_5' title="bbox 332 955 1220 1036; baseline -0.001 -19"><span class='ocrx_word' id='word_1_26' title='bbox 332 973 414 1029; x_wconf 89' lang='lat' dir='ltr'>rum,</span> <span class='ocrx_word' id='word_1_27' title='bbox 435 955 668 1017; x_wconf 74' lang='lat' dir='ltr'>commilitonum</span> <span class='ocrx_word' id='word_1_28' title='bbox 690 963 720 1016; x_wconf 91' lang='lat' dir='ltr'>et</span> <span class='ocrx_word' id='word_1_29' title='bbox 740 955 926 1016; x_wconf 80' lang='lat' dir='ltr'>familiarium</span> <span class='ocrx_word' id='word_1_30' title='bbox 947 955 1101 1016; x_wconf 85' lang='lat' dir='ltr'>solitudini</span> <span class='ocrx_word' id='word_1_31' title='bbox 1122 975 1220 1036; x_wconf 89' lang='lat' dir='ltr'>quon-</span> 
     </span>
     <span class='ocr_line' id='line_1_6' title="bbox 331 1055 1220 1133; baseline -0.001 -16"><span class='ocrx_word' id='word_1_32' title='bbox 331 1057 399 1117; x_wconf 83' lang='lat' dir='ltr'>dam</span> <span class='ocrx_word' id='word_1_33' title='bbox 418 1056 738 1128; x_wconf 85' lang='lat' dir='ltr'>numerosissimorum;</span> <span class='ocrx_word' id='word_1_34' title='bbox 760 1056 870 1116; x_wconf 88' lang='lat' dir='ltr'>debere</span> <span class='ocrx_word' id='word_1_35' title='bbox 891 1055 976 1116; x_wconf 86' lang='lat' dir='ltr'>senio</span> <span class='ocrx_word' id='word_1_36' title='bbox 997 1075 1074 1131; x_wconf 90' lang='lat' dir='ltr'>meo,</span> <span class='ocrx_word' id='word_1_37' title='bbox 1091 1057 1154 1133; x_wconf 90' lang='lat' dir='ltr'>jam</span> <span class='ocrx_word' id='word_1_38' title='bbox 1176 1057 1220 1116; x_wconf 82' lang='lat' dir='ltr'>vi-</span> 
     </span>
     <span class='ocr_line' id='line_1_7' title="bbox 331 1156 1222 1236; baseline 0 -18"><span class='ocrx_word' id='word_1_39' title='bbox 331 1156 433 1218; x_wconf 89' lang='lat' dir='ltr'>sendis</span> <span class='ocrx_word' id='word_1_40' title='bbox 453 1156 676 1236; x_wconf 77' lang='lat' dir='ltr'>audiendisque,</span> <span class='ocrx_word' id='word_1_41' title='bbox 697 1157 807 1216; x_wconf 89' lang='lat' dir='ltr'>nedum</span> <span class='ocrx_word' id='word_1_42' title='bbox 828 1156 988 1217; x_wconf 78' lang='lat' dir='ltr'>tractandis</span> <span class='ocrx_word' id='word_1_43' title='bbox 1001 1157 1179 1218; x_wconf 88' lang='lat' dir='ltr'>vanitatibus</span> <span class='ocrx_word' id='word_1_44' title='bbox 1192 1165 1222 1218; x_wconf 88' lang='lat' dir='ltr'>et</span> 
     </span>
     <span class='ocr_line' id='line_1_8' title="bbox 330 1257 1221 1337; baseline 0 -19"><span class='ocrx_word' id='word_1_45' title='bbox 330 1257 464 1318; x_wconf 85' lang='lat' dir='ltr'>humanis</span> <span class='ocrx_word' id='word_1_46' title='bbox 488 1257 624 1317; x_wconf 83' lang='lat' dir='ltr'>ludibriis</span> <span class='ocrx_word' id='word_1_47' title='bbox 645 1263 748 1318; x_wconf 91' lang='lat' dir='ltr'>saturo</span> <span class='ocrx_word' id='word_1_48' title='bbox 770 1267 799 1318; x_wconf 91' lang='lat' dir='ltr'>et</span> <span class='ocrx_word' id='word_1_49' title='bbox 818 1257 987 1329; x_wconf 87' lang='lat' dir='ltr'>nauscanti;</span> <span class='ocrx_word' id='word_1_50' title='bbox 1015 1257 1125 1318; x_wconf 90' lang='lat' dir='ltr'>debere</span> <span class='ocrx_word' id='word_1_51' title='bbox 1150 1277 1221 1337; x_wconf 87' lang='lat' dir='ltr'>per-</span> 
     </span>
     <span class='ocr_line' id='line_1_9' title="bbox 331 1354 1220 1437; baseline 0 -17"><span class='ocrx_word' id='word_1_52' title='bbox 331 1376 438 1433; x_wconf 87' lang='lat' dir='ltr'>sonae,</span> <span class='ocrx_word' id='word_1_53' title='bbox 459 1377 547 1437; x_wconf 89' lang='lat' dir='ltr'>quam</span> <span class='ocrx_word' id='word_1_54' title='bbox 567 1377 623 1436; x_wconf 86' lang='lat' dir='ltr'>per</span> <span class='ocrx_word' id='word_1_55' title='bbox 643 1364 688 1418; x_wconf 93' lang='lat' dir='ltr'>tot</span> <span class='ocrx_word' id='word_1_56' title='bbox 707 1354 844 1433; x_wconf 80' lang='lat' dir='ltr'>auuos*)</span> <span class='ocrx_word' id='word_1_57' title='bbox 865 1357 983 1420; x_wconf 89' lang='lat' dir='ltr'>fabulae</span> <span class='ocrx_word' id='word_1_58' title='bbox 1000 1369 1137 1419; x_wconf 83' lang='lat' dir='ltr'>terrenae</span> <span class='ocrx_word' id='word_1_59' title='bbox 1157 1379 1220 1420; x_wconf 91' lang='lat' dir='ltr'>nou</span> 
     </span>
     <span class='ocr_line' id='line_1_10' title="bbox 329 1458 1220 1538; baseline 0 -20"><span class='ocrx_word' id='word_1_60' title='bbox 329 1459 503 1519; x_wconf 88' lang='lat' dir='ltr'>indecenter</span> <span class='ocrx_word' id='word_1_61' title='bbox 524 1458 674 1538; x_wconf 88' lang='lat' dir='ltr'>quondam</span> <span class='ocrx_word' id='word_1_62' title='bbox 695 1459 819 1537; x_wconf 79' lang='lat' dir='ltr'>egerim,</span> <span class='ocrx_word' id='word_1_63' title='bbox 849 1467 959 1520; x_wconf 89' lang='lat' dir='ltr'>mutata</span> <span class='ocrx_word' id='word_1_64' title='bbox 981 1479 1072 1520; x_wconf 89' lang='lat' dir='ltr'>scena</span> <span class='ocrx_word' id='word_1_65' title='bbox 1092 1459 1220 1519; x_wconf 89' lang='lat' dir='ltr'>subran-</span> 
     </span>
     <span class='ocr_line' id='line_1_11' title="bbox 330 1559 1266 1638; baseline 0 -18"><span class='ocrx_word' id='word_1_66' title='bbox 330 1561 430 1634; x_wconf 91' lang='lat' dir='ltr'>cidae,</span> <span class='ocrx_word' id='word_1_67' title='bbox 457 1559 593 1620; x_wconf 86' lang='lat' dir='ltr'>exoletae</span> <span class='ocrx_word' id='word_1_68' title='bbox 620 1567 649 1620; x_wconf 91' lang='lat' dir='ltr'>et</span> <span class='ocrx_word' id='word_1_69' title='bbox 674 1559 803 1631; x_wconf 88' lang='lat' dir='ltr'>invisae;</span> <span class='ocrx_word' id='word_1_70' title='bbox 833 1559 943 1620; x_wconf 88' lang='lat' dir='ltr'>debere</span> <span class='ocrx_word' id='word_1_71' title='bbox 972 1559 1220 1638; x_wconf 81' lang='lat' dir='ltr'>indulgentissimi</span> <span class='ocrx_word' id='word_1_72' title='bbox 1263 1622 1266 1628; x_wconf 74' lang='grc'>,</span> 
     </span>
     <span class='ocr_line' id='line_1_12' title="bbox 330 1659 1218 1741; baseline 0 -20"><span class='ocrx_word' id='word_1_73' title='bbox 330 1660 394 1722; x_wconf 88' lang='lat' dir='ltr'>beri</span> <span class='ocrx_word' id='word_1_74' title='bbox 414 1660 471 1720; x_wconf 93' lang='lat' dir='ltr'>mei</span> <span class='ocrx_word' id='word_1_75' title='bbox 492 1660 618 1740; x_wconf 76' lang='lat' dir='ltr'>Augusti</span> <span class='ocrx_word' id='word_1_76' title='bbox 639 1660 782 1739; x_wconf 89' lang='lat' dir='ltr'>principis</span> <span class='ocrx_word' id='word_1_77' title='bbox 803 1659 1033 1733; x_wconf 86' lang='lat' dir='ltr'>munificentiae,</span> <span class='ocrx_word' id='word_1_78' title='bbox 1055 1680 1110 1739; x_wconf 90' lang='lat' dir='ltr'>per</span> <span class='ocrx_word' id='word_1_79' title='bbox 1131 1681 1218 1741; x_wconf 90' lang='lat' dir='ltr'>qnam</span> 
     </span>
     <span class='ocr_line' id='line_1_13' title="bbox 329 1760 1218 1837; baseline -0.002 -13"><span class='ocrx_word' id='word_1_80' title='bbox 329 1783 386 1824; x_wconf 89' lang='lat' dir='ltr'>uec</span> <span class='ocrx_word' id='word_1_81' title='bbox 406 1762 497 1823; x_wconf 87' lang='lat' dir='ltr'>fames</span> <span class='ocrx_word' id='word_1_82' title='bbox 518 1760 603 1837; x_wconf 82' lang='lat' dir='ltr'>milri,</span> <span class='ocrx_word' id='word_1_83' title='bbox 624 1780 680 1820; x_wconf 91' lang='lat' dir='ltr'>uec</span> <span class='ocrx_word' id='word_1_84' title='bbox 700 1760 820 1821; x_wconf 88' lang='lat' dir='ltr'>iufamia</span> <span class='ocrx_word' id='word_1_85' title='bbox 840 1761 998 1821; x_wconf 89' lang='lat' dir='ltr'>metuenda</span> <span class='ocrx_word' id='word_1_86' title='bbox 1017 1767 1105 1836; x_wconf 89' lang='lat' dir='ltr'>esset,</span> <span class='ocrx_word' id='word_1_87' title='bbox 1128 1769 1161 1822; x_wconf 94' lang='lat' dir='ltr'>ut</span> <span class='ocrx_word' id='word_1_88' title='bbox 1181 1762 1218 1822; x_wconf 87' lang='lat' dir='ltr'>ab</span> 
     </span>
     <span class='ocr_line' id='line_1_14' title="bbox 329 1859 1220 1943; baseline -0.003 -18"><span class='ocrx_word' id='word_1_89' title='bbox 329 1865 365 1925; x_wconf 89' lang='lat' dir='ltr'>iis</span> <span class='ocrx_word' id='word_1_90' title='bbox 392 1865 578 1937; x_wconf 85' lang='lat' dir='ltr'>secederem,</span> <span class='ocrx_word' id='word_1_91' title='bbox 612 1859 720 1942; x_wconf 91' lang='lat' dir='ltr'>quibus</span> <span class='ocrx_word' id='word_1_92' title='bbox 746 1862 809 1938; x_wconf 87' lang='lat' dir='ltr'>jam</span> <span class='ocrx_word' id='word_1_93' title='bbox 835 1868 903 1921; x_wconf 91' lang='lat' dir='ltr'>ante</span> <span class='ocrx_word' id='word_1_94' title='bbox 934 1879 1045 1922; x_wconf 85' lang='lat' dir='ltr'>exosus</span> <span class='ocrx_word' id='word_1_95' title='bbox 1074 1863 1220 1943; x_wconf 89' lang='lat' dir='ltr'>onerique</span> 
     </span>
     <span class='ocr_line' id='line_1_15' title="bbox 330 1962 1220 2044; baseline 0 -19"><span class='ocrx_word' id='word_1_96' title='bbox 330 1977 361 2026; x_wconf 90' lang='lat' dir='ltr'>et</span> <span class='ocrx_word' id='word_1_97' title='bbox 384 1965 421 2024; x_wconf 86' lang='lat' dir='ltr'>ad</span> <span class='ocrx_word' id='word_1_98' title='bbox 448 1963 525 2024; x_wconf 89' lang='lat' dir='ltr'>mala</span> <span class='ocrx_word' id='word_1_99' title='bbox 546 1962 716 2041; x_wconf 89' lang='lat' dir='ltr'>peragenda</span> <span class='ocrx_word' id='word_1_100' title='bbox 735 1962 946 2041; x_wconf 90' lang='lat' dir='ltr'>impedimento</span> <span class='ocrx_word' id='word_1_101' title='bbox 968 1981 1074 2024; x_wconf 86' lang='lat' dir='ltr'>essem.</span> <span class='ocrx_word' id='word_1_102' title='bbox 1117 1965 1220 2044; x_wconf 90' lang='lat' dir='ltr'>ltaque</span> 
     </span>
     <span class='ocr_line' id='line_1_16' title="bbox 327 2063 1221 2146; baseline 0.002 -22"><span class='ocrx_word' id='word_1_103' title='bbox 327 2064 440 2144; x_wconf 88' lang='lat' dir='ltr'>patriae</span> <span class='ocrx_word' id='word_1_104' title='bbox 460 2063 625 2142; x_wconf 88' lang='lat' dir='ltr'>principem</span> <span class='ocrx_word' id='word_1_105' title='bbox 646 2083 765 2142; x_wconf 88' lang='lat' dir='ltr'>semper</span> <span class='ocrx_word' id='word_1_106' title='bbox 785 2063 1026 2142; x_wconf 87' lang='lat' dir='ltr'>benignissimum</span> <span class='ocrx_word' id='word_1_107' title='bbox 1052 2070 1082 2124; x_wconf 91' lang='lat' dir='ltr'>et</span> <span class='ocrx_word' id='word_1_108' title='bbox 1102 2065 1221 2146; x_wconf 88' lang='lat' dir='ltr'>aequis-</span> 
     </span>
     <span class='ocr_line' id='line_1_17' title="bbox 329 2163 1220 2242; baseline -0.001 -15"><span class='ocrx_word' id='word_1_109' title='bbox 329 2166 435 2227; x_wconf 90' lang='lat' dir='ltr'>simum</span> <span class='ocrx_word' id='word_1_110' title='bbox 449 2163 518 2224; x_wconf 85' lang='lat' dir='ltr'>mihi</span> <span class='ocrx_word' id='word_1_111' title='bbox 538 2163 607 2238; x_wconf 89' lang='lat' dir='ltr'>adii,</span> <span class='ocrx_word' id='word_1_112' title='bbox 630 2183 665 2222; x_wconf 90' lang='lat' dir='ltr'>ac</span> <span class='ocrx_word' id='word_1_113' title='bbox 687 2163 712 2225; x_wconf 86' lang='lat' dir='ltr'>si</span> <span class='ocrx_word' id='word_1_114' title='bbox 733 2165 867 2225; x_wconf 88' lang='lat' dir='ltr'>nondum</span> <span class='ocrx_word' id='word_1_115' title='bbox 887 2163 1005 2242; x_wconf 88' lang='lat' dir='ltr'>plenam</span> <span class='ocrx_word' id='word_1_116' title='bbox 1027 2183 1101 2241; x_wconf 88' lang='lat' dir='ltr'>eam,</span> <span class='ocrx_word' id='word_1_117' title='bbox 1122 2173 1220 2226; x_wconf 83' lang='lat' dir='ltr'>tamen</span> 
     </span>
     <span class='ocr_line' id='line_1_18' title="bbox 326 2263 1219 2344; baseline -0.001 -17"><span class='ocrx_word' id='word_1_118' title='bbox 326 2265 479 2327; x_wconf 88' lang='lat' dir='ltr'>liberalem</span> <span class='ocrx_word' id='word_1_119' title='bbox 492 2263 664 2324; x_wconf 90' lang='lat' dir='ltr'>missionem</span> <span class='ocrx_word' id='word_1_120' title='bbox 675 2265 823 2343; x_wconf 88' lang='lat' dir='ltr'>rescripto</span> <span class='ocrx_word' id='word_1_121' title='bbox 837 2263 993 2343; x_wconf 89' lang='lat' dir='ltr'>impetravi</span> <span class='ocrx_word' id='word_1_122' title='bbox 1006 2264 1035 2325; x_wconf 85' lang='lat'>3.</span> <span class='ocrx_word' id='word_1_123' title='bbox 1048 2264 1125 2344; x_wconf 77' lang='lat' dir='ltr'>Aug.</span> <span class='ocrx_word' id='word_1_124' title='bbox 1141 2283 1219 2326; x_wconf 91' lang='lat' dir='ltr'>sem-</span> 
     </span>
     <span class='ocr_line' id='line_1_19' title="bbox 327 2363 1221 2447; baseline 0 -20"><span class='ocrx_word' id='word_1_125' title='bbox 327 2385 383 2447; x_wconf 90' lang='lat' dir='ltr'>per</span> <span class='ocrx_word' id='word_1_126' title='bbox 403 2367 474 2426; x_wconf 87' lang='lat' dir='ltr'>mibi</span> <span class='ocrx_word' id='word_1_127' title='bbox 495 2363 584 2439; x_wconf 90' lang='lat' dir='ltr'>fatali,</span> <span class='ocrx_word' id='word_1_128' title='bbox 606 2372 638 2424; x_wconf 92' lang='lat' dir='ltr'>ut</span> <span class='ocrx_word' id='word_1_129' title='bbox 658 2372 800 2444; x_wconf 89' lang='lat' dir='ltr'>quantum</span> <span class='ocrx_word' id='word_1_130' title='bbox 821 2385 875 2444; x_wconf 91' lang='lat' dir='ltr'>per</span> <span class='ocrx_word' id='word_1_131' title='bbox 891 2367 971 2426; x_wconf 85' lang='lat' dir='ltr'>vires</span> <span class='ocrx_word' id='word_1_132' title='bbox 990 2364 1104 2440; x_wconf 86' lang='lat' dir='ltr'>liceret,</span> <span class='ocrx_word' id='word_1_133' title='bbox 1126 2365 1221 2428; x_wconf 89' lang='lat' dir='ltr'>sacris</span> 
     </span>
     <span class='ocr_line' id='line_1_20' title="bbox 328 2464 1220 2544; baseline -0.003 -15"><span class='ocrx_word' id='word_1_134' title='bbox 328 2465 517 2530; x_wconf 91' lang='lat' dir='ltr'>sermonibus</span> <span class='ocrx_word' id='word_1_135' title='bbox 538 2465 569 2525; x_wconf 89' lang='lat' dir='ltr'>in</span> <span class='ocrx_word' id='word_1_136' title='bbox 589 2465 657 2526; x_wconf 90' lang='lat' dir='ltr'>aula</span> <span class='ocrx_word' id='word_1_137' title='bbox 678 2466 871 2544; x_wconf 80' lang='lat' dir='ltr'>defungerer,</span> <span class='ocrx_word' id='word_1_138' title='bbox 901 2485 919 2526; x_wconf 91' lang='lat' dir='ltr'>a</span> <span class='ocrx_word' id='word_1_139' title='bbox 940 2464 1049 2526; x_wconf 86' lang='lat' dir='ltr'>Curiae</span> <span class='ocrx_word' id='word_1_140' title='bbox 1071 2485 1145 2526; x_wconf 92' lang='lat' dir='ltr'>vero</span> <span class='ocrx_word' id='word_1_141' title='bbox 1166 2487 1220 2527; x_wconf 91' lang='lat' dir='ltr'>on-</span> 
     </span>
     <span class='ocr_line' id='line_1_21' title="bbox 328 2565 1220 2646; baseline -0.003 -17"><span class='ocrx_word' id='word_1_142' title='bbox 328 2568 370 2629; x_wconf 87' lang='lat' dir='ltr'>ris</span> <span class='ocrx_word' id='word_1_143' title='bbox 397 2573 427 2628; x_wconf 91' lang='lat' dir='ltr'>et</span> <span class='ocrx_word' id='word_1_144' title='bbox 447 2565 595 2640; x_wconf 88' lang='lat' dir='ltr'>consiliis,</span> <span class='ocrx_word' id='word_1_145' title='bbox 624 2567 742 2646; x_wconf 91' lang='lat' dir='ltr'>quoties</span> <span class='ocrx_word' id='word_1_146' title='bbox 768 2566 923 2646; x_wconf 89' lang='lat' dir='ltr'>aegritudo</span> <span class='ocrx_word' id='word_1_147' title='bbox 949 2574 1106 2646; x_wconf 88' lang='lat' dir='ltr'>posceret,</span> <span class='ocrx_word' id='word_1_148' title='bbox 1132 2567 1220 2627; x_wconf 87' lang='lat' dir='ltr'>abes-</span> 
     </span>
     <span class='ocr_line' id='line_1_22' title="bbox 329 2665 1219 2744; baseline -0.001 -14"><span class='ocrx_word' id='word_1_149' title='bbox 329 2688 401 2743; x_wconf 90' lang='lat' dir='ltr'>sem,</span> <span class='ocrx_word' id='word_1_150' title='bbox 423 2667 543 2728; x_wconf 90' lang='lat' dir='ltr'>monitis</span> <span class='ocrx_word' id='word_1_151' title='bbox 561 2665 663 2726; x_wconf 87' lang='lat' dir='ltr'>saltem</span> <span class='ocrx_word' id='word_1_152' title='bbox 685 2665 741 2744; x_wconf 88' lang='lat' dir='ltr'>piis</span> <span class='ocrx_word' id='word_1_153' title='bbox 764 2672 793 2726; x_wconf 88' lang='lat' dir='ltr'>et</span> <span class='ocrx_word' id='word_1_154' title='bbox 807 2667 976 2728; x_wconf 88' lang='lat' dir='ltr'>salubribus</span> <span class='ocrx_word' id='word_1_155' title='bbox 995 2687 1056 2728; x_wconf 90' lang='lat' dir='ltr'>non</span> <span class='ocrx_word' id='word_1_156' title='bbox 1073 2668 1219 2730; x_wconf 89' lang='lat' dir='ltr'>deessem.</span> 
     </span>
    </p>
   </div>
   <div class='ocr_carea' id='block_1_3' title="bbox 325 2766 1221 3349">
    <p class='ocr_par' dir='ltr' id='par_1_3' title="bbox 325 2766 1221 3349">
     <span class='ocr_line' id='line_1_23' title="bbox 328 2766 1221 2848; baseline 0.001 -20"><span class='ocrx_word' id='word_1_157' title='bbox 328 2768 421 2844; x_wconf 84' lang='lat' dir='ltr'>Quod</span> <span class='ocrx_word' id='word_1_158' title='bbox 434 2767 490 2829; x_wconf 91' lang='lat' dir='ltr'>etsi</span> <span class='ocrx_word' id='word_1_159' title='bbox 506 2766 715 2844; x_wconf 87' lang='lat' dir='ltr'>inpraesentia</span> <span class='ocrx_word' id='word_1_160' title='bbox 731 2766 800 2826; x_wconf 93' lang='lat' dir='ltr'>mibi</span> <span class='ocrx_word' id='word_1_161' title='bbox 812 2767 980 2830; x_wconf 87' lang='lat' dir='ltr'>levamento</span> <span class='ocrx_word' id='word_1_162' title='bbox 996 2767 1129 2847; x_wconf 90' lang='lat' dir='ltr'>contigit,</span> <span class='ocrx_word' id='word_1_163' title='bbox 1147 2769 1221 2848; x_wconf 91' lang='lat' dir='ltr'>quin</span> 
     </span>
     <span class='ocr_line' id='line_1_24' title="bbox 328 2867 1220 2948; baseline 0 -19"><span class='ocrx_word' id='word_1_164' title='bbox 328 2876 427 2929; x_wconf 83' lang='lat' dir='ltr'>tamen</span> <span class='ocrx_word' id='word_1_165' title='bbox 448 2867 485 2927; x_wconf 90' lang='lat' dir='ltr'>ad</span> <span class='ocrx_word' id='word_1_166' title='bbox 507 2885 631 2945; x_wconf 88' lang='lat' dir='ltr'>scopum</span> <span class='ocrx_word' id='word_1_167' title='bbox 652 2867 751 2928; x_wconf 92' lang='lat' dir='ltr'>animo</span> <span class='ocrx_word' id='word_1_168' title='bbox 777 2888 846 2929; x_wconf 91' lang='lat' dir='ltr'>meo</span> <span class='ocrx_word' id='word_1_169' title='bbox 871 2867 1025 2945; x_wconf 77' lang='lat' dir='ltr'>fixum**)</span> <span class='ocrx_word' id='word_1_170' title='bbox 1054 2870 1220 2948; x_wconf 89' lang='lat' dir='ltr'>pertingam</span> 
     </span>
     <span class='ocr_line' id='line_1_25' title="bbox 329 2966 1221 3058; baseline 0.002 -30"><span class='ocrx_word' id='word_1_171' title='bbox 329 2975 419 3048; x_wconf 92' lang='lat' dir='ltr'>atque</span> <span class='ocrx_word' id='word_1_172' title='bbox 445 2967 476 3026; x_wconf 90' lang='lat' dir='ltr'>in</span> <span class='ocrx_word' id='word_1_173' title='bbox 507 2967 625 3044; x_wconf 89' lang='lat' dir='ltr'>plenam</span> <span class='ocrx_word' id='word_1_174' title='bbox 651 2966 815 3029; x_wconf 88' lang='lat' dir='ltr'>libertatern</span> <span class='ocrx_word' id='word_1_175' title='bbox 839 2971 909 3058; x_wconf 84' lang='lat' dir='ltr'>siue</span> <span class='ocrx_word' id='word_1_176' title='bbox 935 2968 1054 3048; x_wconf 88' lang='lat' dir='ltr'>torpido</span> <span class='ocrx_word' id='word_1_177' title='bbox 1082 2971 1145 3030; x_wconf 92' lang='lat' dir='ltr'>otio</span> <span class='ocrx_word' id='word_1_178' title='bbox 1172 2989 1221 3030; x_wconf 91' lang='lat' dir='ltr'>me</span> 
     </span>
     <span class='ocr_line' id='line_1_26' title="bbox 328 3069 1221 3149; baseline 0.001 -20"><span class='ocrx_word' id='word_1_179' title='bbox 328 3086 468 3140; x_wconf 88' lang='lat' dir='ltr'>asseram,</span> <span class='ocrx_word' id='word_1_180' title='bbox 487 3077 656 3144; x_wconf 87' lang='lat' dir='ltr'>pertentare</span> <span class='ocrx_word' id='word_1_181' title='bbox 672 3089 822 3149; x_wconf 82' lang='lat' dir='ltr'>rmnqnam</span> <span class='ocrx_word' id='word_1_182' title='bbox 839 3069 981 3143; x_wconf 84' lang='lat' dir='ltr'>desinam,</span> <span class='ocrx_word' id='word_1_183' title='bbox 999 3089 1037 3130; x_wconf 89' lang='lat' dir='ltr'>ne</span> <span class='ocrx_word' id='word_1_184' title='bbox 1052 3070 1109 3132; x_wconf 90' lang='lat' dir='ltr'>sub</span> <span class='ocrx_word' id='word_1_185' title='bbox 1126 3088 1221 3130; x_wconf 86' lang='lat' dir='ltr'>onere</span> 
     </span>
     <span class='ocr_line' id='line_1_27' title="bbox 325 3167 1220 3252; baseline 0.002 -22"><span class='ocrx_word' id='word_1_186' title='bbox 325 3170 388 3247; x_wconf 87' lang='lat' dir='ltr'>jam</span> <span class='ocrx_word' id='word_1_187' title='bbox 402 3167 542 3229; x_wconf 85' lang='lat' dir='ltr'>fatiscens</span> <span class='ocrx_word' id='word_1_188' title='bbox 559 3170 661 3229; x_wconf 91' lang='lat' dir='ltr'>vivere</span> <span class='ocrx_word' id='word_1_189' title='bbox 678 3170 775 3245; x_wconf 91' lang='lat' dir='ltr'>citius,</span> <span class='ocrx_word' id='word_1_190' title='bbox 797 3189 884 3250; x_wconf 88' lang='lat' dir='ltr'>quam</span> <span class='ocrx_word' id='word_1_191' title='bbox 905 3171 1052 3252; x_wconf 90' lang='lat' dir='ltr'>incipiam,</span> <span class='ocrx_word' id='word_1_192' title='bbox 1077 3170 1220 3246; x_wconf 89' lang='lat' dir='ltr'>desinam,</span> 
     </span>
     <span class='ocr_line' id='line_1_28' title="bbox 327 3270 1220 3349; baseline 0.001 -17"><span class='ocrx_word' id='word_1_193' title='bbox 327 3289 385 3332; x_wconf 87' lang='lat' dir='ltr'>nec</span> <span class='ocrx_word' id='word_1_194' title='bbox 400 3287 522 3349; x_wconf 89' lang='lat' dir='ltr'>segnem</span> <span class='ocrx_word' id='word_1_195' title='bbox 534 3271 661 3348; x_wconf 88' lang='lat' dir='ltr'>proinde</span> <span class='ocrx_word' id='word_1_196' title='bbox 671 3270 760 3331; x_wconf 86' lang='lat' dir='ltr'>vitam</span> <span class='ocrx_word' id='word_1_197' title='bbox 775 3290 874 3349; x_wconf 87' lang='lat' dir='ltr'>agam:</span> <span class='ocrx_word' id='word_1_198' title='bbox 897 3271 1043 3334; x_wconf 87' lang='lat' dir='ltr'>inveniam</span> <span class='ocrx_word' id='word_1_199' title='bbox 1058 3291 1124 3332; x_wconf 92' lang='lat' dir='ltr'>oum</span> <span class='ocrx_word' id='word_1_200' title='bbox 1144 3273 1220 3346; x_wconf 84' lang='lat' dir='ltr'>Deo,</span> 
     </span>
    </p>
   </div>
   <div class='ocr_carea' id='block_1_4' title="bbox 382 3499 909 3655">
    <p class='ocr_par' dir='ltr' id='par_1_4' title="bbox 382 3499 909 3655">
     <span class='ocr_line' id='line_1_29' title="bbox 392 3499 823 3573; baseline -0.016 -16"><span class='ocrx_word' id='word_1_201' title='bbox 392 3503 421 3573; x_wconf 50' lang='grc' dir='ltr'>ὓ)</span> <span class='ocrx_word' id='word_1_202' title='bbox 439 3501 506 3554; x_wconf 85' lang='lat' dir='ltr'>Cod.</span> <span class='ocrx_word' id='word_1_203' title='bbox 525 3499 555 3553; x_wconf 90' lang='lat' dir='ltr'>B.</span> <span class='ocrx_word' id='word_1_204' title='bbox 574 3505 654 3552; x_wconf 85' lang='lat' dir='ltr'>eta:</span> <span class='ocrx_word' id='word_1_205' title='bbox 680 3505 722 3552; x_wconf 90' lang='lat' dir='ltr'>tot</span> <span class='ocrx_word' id='word_1_206' title='bbox 739 3504 823 3552; x_wconf 89' lang='lat' dir='ltr'>actus.</span> 
     </span>
     <span class='ocr_line' id='line_1_30' title="bbox 382 3581 909 3655; baseline -0.011 -13"><span class='ocrx_word' id='word_1_207' title='bbox 382 3586 429 3655; x_wconf 67' lang='lat'>⁸⁸)</span> <span class='ocrx_word' id='word_1_208' title='bbox 440 3585 515 3639; x_wconf 85' lang='lat' dir='ltr'>·God.</span> <span class='ocrx_word' id='word_1_209' title='bbox 532 3583 562 3639; x_wconf 87' lang='lat' dir='ltr'>B.</span> <span class='ocrx_word' id='word_1_210' title='bbox 580 3588 608 3636; x_wconf 86' lang='lat' dir='ltr'>et</span> <span class='ocrx_word' id='word_1_211' title='bbox 625 3600 664 3637; x_wconf 79' lang='lat' dir='ltr'>a:</span> <span class='ocrx_word' id='word_1_212' title='bbox 685 3591 749 3636; x_wconf 85' lang='lat' dir='ltr'>meo</span> <span class='ocrx_word' id='word_1_213' title='bbox 766 3581 909 3652; x_wconf 82' lang='lat' dir='ltr'>prolixum.</span> 
     </span>
    </p>
   </div>
   <div class='ocr_carea' id='block_1_5' title="bbox 0 0 1518 4409">
    <p class='ocr_par' dir='ltr' id='par_1_5' title="bbox 0 0 1518 4409">
     <span class='ocr_line' id='line_1_31' title="bbox 0 0 1518 4409; baseline 0 0"><span class='ocrx_word' id='word_1_214' title='bbox 0 0 1518 4409; x_wconf 95' lang='lat' dir='ltr'> </span> 
     </span>
    </p>
   </div>
  </div>
 </body>
</html>
