3025 4409
330 472 372 529 34
618 463 737 525 Liberi,
773 460 956 519 rostanno

338 640 438 681 sarum
459 620 600 696 habebat,
624 621 811 697 extricarem,
833 640 935 683 rerum
953 620 1087 681 omnium
1105 638 1232 681 securus

333 721 406 799 abii,
435 722 489 785 sed
512 742 588 803 quae
616 742 666 784 res
693 722 767 783 mihi
787 729 894 802 postea
915 720 1013 783 fraudi
1033 720 1097 781 fuit.
1139 720 1232 783 Gom-

332 824 511 885 mendarunt
538 822 624 885 etiam
652 824 689 883 de
716 823 842 886 meliore
867 830 941 885 nota
966 822 1145 904 proceribus
1167 823 1232 885 Au-

334 926 439 1003 strine,
468 926 622 1003 Magctrus
645 925 766 1007 quidem
789 925 925 1005 Georgio
953 924 1066 985 Acaoio
1091 924 1232 999 Enenke-

332 1026 455 1107 lio⁵⁶),
479 1028 702 1090 Haianrefferus
721 1048 796 1090 vero
818 1028 975 1090 Ludovioo
996 1025 1232 1104 Hohenieldero,

331 1130 445 1211 patriae
472 1148 545 1192 suae
570 1130 736 1193 rarioribus
765 1130 964 1207 ornamentis,
990 1148 1120 1210 quorum
1147 1127 1234 1191 illum

332 1252 394 1295 nou
416 1231 493 1309 vidi,
516 1231 564 1293 hic
585 1252 660 1295 vero
682 1232 845 1314 plurimum
865 1232 988 1313 profuit.
1031 1231 1136 1293 Ulmae
1157 1251 1234 1293 con-

332 1354 440 1398 scensa
460 1335 529 1397 navi
550 1335 660 1397 Martio
682 1356 786 1399 mense
807 1343 892 1397 recto
913 1332 1054 1397 Danubio
1069 1334 1233 1413 havingan

330 1436 480 1519 praeterii,
502 1438 711 1499 Douawerdae
733 1438 850 1516 diverti,
872 1436 925 1499 ubi
946 1456 1024 1518 quos
1037 1437 1231 1499 convictores

330 1538 421 1601 habui
446 1538 569 1616 milites
596 1560 694 1603 mersa
720 1540 791 1602 navi
816 1546 937 1620 praeter
963 1558 1057 1600 uuum
1082 1539 1115 1600 in
1143 1539 1231 1601 cunis

330 1641 499 1721 vagientem
519 1641 662 1703 infantem
679 1644 842 1704 suffocatos
856 1639 1040 1703 Ratisbonae
1054 1647 1084 1702 et
1097 1640 1136 1702 ad
1149 1640 1232 1721 ripas

329 1742 439 1823 reperi.
470 1742 656 1807 Perlustrato
678 1743 912 1827 lngolstadiensi
930 1742 1086 1805 Athenaeo
1108 1750 1138 1804 et
1157 1744 1231 1805 Pas-

330 1845 460 1909 saviensi
478 1846 643 1926 episcopali
661 1868 728 1909 cum
745 1848 882 1909 hincium
895 1845 1045 1909 venissem
1058 1845 1109 1906 24.
1121 1844 1232 1921 Martii,

328 1946 438 2009 Daniel
451 1948 591 2010 Hizlerus
605 1949 658 2027 ⁵⁷)
681 1950 788 2026 affinis,
810 1946 915 2017 diserti
935 1948 998 2009 oris
1020 1953 1050 2007 et
1069 1945 1146 2007 recti
1161 1966 1232 2009 cor-

330 2050 376 2113 dis
402 2050 445 2111 ibi
466 2050 627 2130 theologus
648 2052 780 2131 hospitio
805 2049 924 2111 liberali
945 2048 1072 2129 excepit.
1119 2048 1231 2109 Postea

329 2152 486 2215 Ludovioo
514 2151 737 2214 hohenseldero
767 2151 943 2214 conciliatus
970 2149 1002 2211 in
1022 2148 1118 2231 ipsius
1145 2150 1231 2213 fami-

327 2252 397 2315 liam
413 2252 560 2314 ooncessi.
602 2252 629 2313 A
645 2272 706 2333 quo
721 2272 817 2333 porro
837 2252 1006 2315 conductus
1023 2253 1153 2315 duorum
1169 2252 1230 2315 fra·

326 2360 408 2416 trum
426 2354 521 2415 Marci
542 2358 572 2413 et
591 2354 712 2417 Ottonis
734 2354 911 2417 solennibus
931 2353 1064 2417 lustricis
1084 2353 1232 2417 Almeocii

329 2462 359 2517 et
379 2453 587 2517 Aistershemii
606 2454 737 2534 interlui,
759 2458 841 2537 apud
854 2459 935 2519 hunc
951 2457 1040 2519 etiam
1054 2455 1230 2539 aliquandiu

328 2556 456 2619 substiti.
498 2556 637 2639 Denique
658 2566 692 2621 ut
713 2559 797 2640 quod
817 2560 848 2621 iu
869 2578 918 2621 me
938 2579 1115 2641 receperam
1135 2578 1228 2639 expe·

328 2660 437 2737 direm,
469 2660 508 2720 ad
532 2659 755 2741 Wolffgangum
781 2666 812 2722 et
840 2660 1093 2743 christophorum
1120 2662 1228 2723 hanes

325 2758 544 2822 Peurbachium
558 2760 720 2824 translatus
735 2782 842 2843 magua
854 2762 1068 2826 benevolentia
1084 2768 1228 2843 acceptus

326 2882 401 2939 sum,
423 2863 477 2925 sed
498 2882 587 2944 quam
607 2863 699 2943 paulo
721 2871 793 2945 post
813 2864 1030 2946 interpellavit,
1059 2864 1112 2947 qui
1131 2863 1227 2927 lloel-

326 2963 405 3025 zelio
426 2964 575 3043 passimus
597 2966 730 3027 omnium
752 2966 914 3029 consuluit.

365 3065 482 3127 Mutato
507 3067 598 3147 igitur
628 3066 727 3129 animo
761 3075 792 3130 et
817 3068 987 3148 voluntate,
1021 3088 1089 3131 cum
1114 3068 1228 3131 frustra

324 3186 437 3243 assem,
464 3167 503 3227 ad
523 3168 710 3231 Ludovicum
735 3170 812 3231 redii
832 3168 958 3232 multum
979 3170 1079 3234 fratris
1100 3170 1224 3233 lentitu-

324 3268 387 3331 dini
406 3277 646 3349 succensentem,
670 3278 700 3333 et
719 3290 759 3333 ne
780 3291 870 3351 aegre
890 3272 1010 3352 ferrem,
1032 3272 1224 3353 mitigantem

323 3371 385 3448 Qui
401 3370 488 3433 etiam
509 3392 548 3433 ne
568 3372 764 3454 impediretur
784 3374 842 3435 iter
861 3391 963 3435 meum
980 3383 1082 3456 spreta
1093 3373 1225 3438 lloelze-

321 3470 355 3533 lii
379 3472 435 3535 sub
462 3493 528 3535 mea
553 3474 613 3535 fide
640 3476 701 3536 300
729 3476 864 3538 florenos
890 3492 1001 3537 aureae
1027 3498 1064 3539 ac
1089 3477 1226 3539 Venetae

320 3581 459 3639 monetae
481 3572 608 3638 credidit
629 3594 799 3661 equumque
821 3593 884 3660 quo
905 3578 1066 3640 commoda
1088 3574 1226 3655 veherer,
