3025 4409
662 521 810 577 Praelatio.
1162 530 1183 592 3

282 676 534 759 peregrinationis
561 676 657 739 diario
678 680 820 741 conterre
839 679 968 761 quisque
988 681 1099 760 possit,
1127 684 1181 746 sed

282 786 311 841 ct
336 778 438 839 mirari
465 778 522 839 Dei
550 798 654 859 opem,
686 798 745 860 qna
771 780 886 861 absque
913 780 953 841 sit
978 781 1096 860 pensile
1122 784 1181 846 boc

281 878 463 939 ilementum
485 880 656 961 neutiquam
689 881 878 954 duraturum,
903 881 959 942 sed
983 882 1022 943 ad
1043 882 1180 963 singulos

280 980 418 1043 turbines
446 988 605 1060 rupturum
631 980 779 1043 videatur.
826 981 976 1057 Accessit,
1004 984 1087 1064 qnod
1100 976 1180 1047 ¹cnm

279 1082 359 1145 vitae
386 1080 617 1162 studiorumque
644 1100 780 1143 meorum
802 1081 950 1159 rationes,
978 1083 1030 1165 qni
1050 1086 1180 1163 penitius

279 1192 442 1258 noverant,
476 1181 513 1243 iis
540 1180 627 1242 facile
652 1181 857 1261 probaverim,
885 1183 938 1265 qui
964 1184 1060 1263 ignari
1087 1194 1116 1247 ct
1141 1186 1180 1247 ab

278 1284 380 1345 alieno
397 1282 514 1361 J‘udicio
541 1280 590 1342 vel
611 1300 701 1363 aegra
727 1290 828 1344 mente
853 1283 991 1363 penduli,
1018 1287 1179 1365 plurimum

279 1384 418 1445 insectati
440 1382 566 1459 fuerint,
587 1392 743 1462 praeterea
763 1384 867 1458 animi,
887 1383 1008 1463 linguae
1021 1395 1111 1467 etque
1127 1389 1180 1466 ju-

278 1484 352 1547 dicii
372 1484 496 1546 libertas
517 1502 598 1559 mea,
620 1482 731 1545 multos
753 1485 929 1564 pupugerit,
949 1485 1027 1547 adeo
1047 1496 1081 1548 ut
1100 1506 1179 1550 non-

279 1584 373 1649 nullis
394 1604 452 1646 nec
473 1583 643 1665 religionis,
671 1604 759 1666 quam
780 1584 818 1645 ab
839 1586 922 1646 omni
940 1586 1001 1649 vita
1020 1585 1180 1665 prcleasus

280 1688 413 1767 ingenue
439 1704 521 1762 snm,
548 1692 637 1765 atque
658 1704 752 1765 porro
774 1686 957 1765 profitebor,
983 1689 1179 1767 Lotheranae,

278 1788 370 1849 fidem
392 1786 530 1860 fecerim,
557 1804 592 1847 ac
614 1786 670 1847 sub
691 1785 937 1862 aemulationum,
962 1789 1178 1867 suspicionum,

277 1888 502 1951 orimnorum
524 1892 554 1946 ct
575 1885 756 1947 simultatum
778 1887 859 1948 fasce
880 1886 1023 1961 obrutus,
1051 1887 1103 1947 diu
1124 1890 1178 1951 de-

278 1988 428 2063 lituerim,
461 2006 500 2049 ne
529 1986 580 2047 illa
608 1987 800 2067 intemperies
826 1993 898 2065 post
927 1986 1040 2047 obitum
1069 2006 1177 2066 meum,

278 2090 334 2171 qni
362 2088 433 2149 mihi
459 2106 590 2167 corpore
617 2086 765 2160 imbecilli¹
784 2093 816 2147 et
834 2086 945 2147 afflicto
966 2087 1101 2168 qnotidie
1121 2090 1177 2151 ob

278 2196 433 2267 versetur,
455 2190 585 2267 majores
605 2188 686 2249 vires
706 2206 837 2249 aususve
857 2195 967 2263 sumat,
989 2188 1178 2252 etinnocen-

277 2293 362 2355 tibus
389 2289 541 2352 cineribus
562 2288 698 2364 insultet,
725 2289 756 2349 id
778 2288 889 2350 debere
907 2290 1066 2369 progeniei
1083 2310 1177 2368 meae,

278 2401 310 2454 et
338 2392 407 2454 lidis
435 2390 538 2451 amicis
564 2389 635 2450 mibi
661 2390 745 2451 visus
773 2408 855 2464 snm,
881 2397 916 2450 ut
934 2390 1128 2471 incorruptae
1148 2402 1180 2455 et

277 2492 353 2554 fidei
382 2499 414 2553 et
441 2490 520 2551 vitae
546 2508 631 2551 meae
661 2488 744 2551 velut
768 2508 926 2569 supremae
951 2489 1071 2551 tabulae
1097 2494 1178 2572 apud

277 2593 366 2673 ipsos
386 2592 621 2672 deponerentur,
642 2589 752 2671 quibus
763 2590 812 2651 vel
825 2610 862 2651 os
874 2590 1004 2671 quodvis
1016 2591 1178 2671 malignum

278 2694 454 2767 obstruant,
483 2701 512 2754 et
537 2692 575 2753 ab
602 2689 710 2768 injuria
730 2688 874 2751 innoxios
892 2710 996 2751 manes
1017 2692 1178 2770 vindicent,

276 2794 329 2855 vel
352 2791 507 2871 imperitos
527 2812 638 2867 rammi,
660 2796 750 2871 atque
763 2792 840 2852 adeo
859 2791 1035 2853 credulitate
1049 2790 1179 2855 cliuum-

278 2900 391 2955 veutos
411 2894 518 2955 melius
541 2892 686 2968 erudiant,
709 2891 833 2953 omnino
853 2910 938 2968 vero,
961 2910 1008 2952 me
1027 2910 1127 2973 neque
1140 2893 1178 2956 ab

278 2994 361 3056 avita
386 3001 571 3075 paternaque
598 2992 744 3072 religione
781 2999 811 3053 et
842 2992 953 3053 virtute
988 2992 1177 3073 degenerem,

278 3113 382 3176 neque
403 3094 530 3156 familiae
555 3114 637 3155 meae
659 3094 862 3175 qualicunque
881 3092 1058 3156 indecorum
1079 3115 1179 3179 neque

280 3194 371 3257 etiam
402 3195 448 3255 rei
481 3194 657 3257 christianae
688 3210 816 3275 prorsus
846 3192 980 3255 inutilem
1009 3197 1104 3260 fnisse
1132 3213 1178 3262 te·

279 3302 408 3357 stentur.

323 3395 361 3458 Si
379 3402 479 3457 tamen
507 3394 584 3455 inira
605 3412 689 3475 spem
711 3394 800 3455 exilia
821 3402 851 3455 et
870 3396 1032 3457 minutiora
1051 3398 1179 3460 subinde

279 3504 453 3572 occurrant,
475 3497 669 3577 aequanimus
682 3495 780 3556 lector
797 3514 835 3558 ex
849 3496 908 3555 boc
919 3493 1094 3573 aestimabit,
1116 3516 1178 3560 non

279 3596 339 3659 viri
360 3596 475 3677 amplae
500 3596 554 3673 rei,
575 3605 626 3659 aut
646 3594 818 3677 praeduce
834 3595 1021 3673 eruditionis,
1041 3597 1091 3657 vel
1104 3615 1177 3677 gen-

981 3692 1030 3756 μ
