3025 4409
495 496 652 556 Valentinus
668 496 765 554 incidit
781 498 809 553 ln
825 497 955 554 latrones.
1121 507 1182 572 178

286 653 396 729 clatus,
427 661 457 716 et
482 657 629 719 anhelitus
657 655 817 718 difficultas
838 677 886 718 me
906 677 962 737 per
981 655 1096 736 aliquot
1118 656 1181 720 dies

284 761 485 835 prostrarunt,
508 759 753 838 deprehensaque
776 765 821 820 est
843 766 927 820 costa
947 757 1065 837 pectori
1086 759 1181 820 immi-

284 877 361 920 nens
383 859 550 936 confracta,
574 866 691 936 eventu,
713 878 803 940 quem
823 860 907 921 Deus
928 859 1076 939 propitius
1097 860 1182 922 videa

284 960 332 1022 rit.
361 961 476 1023 Durior
491 961 578 1024 etiam
591 982 659 1026 sors
675 962 791 1025 civibus
806 960 880 1023 meis
896 959 1180 1042 sequeuti15.Aug.

285 1063 346 1139 Qui
374 1083 441 1124 cum
468 1083 502 1124 se
528 1069 643 1126 turmae
671 1071 805 1126 armenta
833 1069 862 1125 et
893 1063 1025 1143 pecudes
1051 1062 1181 1142 abigenti

282 1170 437 1245 utcunque
458 1166 563 1227 armati
578 1167 801 1246 opposuissent,
824 1166 952 1248 impares
973 1164 1096 1243 viribus,
1117 1171 1180 1226 tres

283 1266 382 1328 statim
403 1266 610 1345 conciderunt,
631 1274 753 1330 secutus
776 1289 814 1330 ex
835 1269 960 1332 vulnere
981 1273 1105 1348 quartus
1124 1267 1181 1328 ho-

283 1375 387 1431 nestae
407 1369 453 1431 rei
472 1375 631 1446 mercator,
653 1371 772 1434 demum
792 1371 879 1434 etiam
901 1370 1022 1454 quintus
1043 1368 1180 1450 ingentes

285 1470 435 1533 cruciatus
461 1489 517 1550 per
544 1471 781 1553 sesquimeusem
801 1493 980 1555 perpessus,
1002 1471 1081 1552 capti
1101 1491 1179 1534 non-

284 1571 361 1633 nulli
381 1577 412 1634 et
431 1591 540 1651 magno
554 1559 636 1653 lytro
654 1575 812 1656 redempti,
836 1574 959 1637 sauciati
973 1574 1105 1653 graviter
1120 1575 1179 1636 cir-

284 1673 359 1734 citer
385 1673 504 1754 viginti,
533 1677 701 1758 exquibus
723 1684 786 1738 tres
815 1675 929 1738 incerta
950 1695 1004 1756 spe
1024 1676 1103 1737 vitae
1124 1676 1180 1737 eti-

283 1794 402 1837 amnum
429 1774 589 1840 luctantur.
642 1778 732 1841 Stetit
756 1779 816 1839 hoc
841 1778 980 1839 damnum
1010 1778 1122 1841 civitati
1147 1778 1178 1842 3.

282 1876 365 1938 mille
385 1877 512 1956 amplius
533 1880 656 1942 florenis
682 1885 712 1941 et
733 1878 914 1959 exprobrata
933 1880 1057 1959 insuper
1075 1878 1179 1940 desen-

284 1979 378 2041 sionis
398 1978 508 2057 injuria
528 1987 583 2043 est.
613 1980 720 2043 Annus
730 1981 779 2041 hic
790 1999 950 2060 procerum
966 1980 1079 2060 patriae
1093 1979 1179 2041 clade

282 2079 471 2143 tristissimus
491 2082 581 2144 nobis
601 2082 666 2144 luit.
702 2081 780 2143 Nam
799 2081 981 2163 Argentinae
1004 2101 1042 2143 ex
1063 2080 1178 2142 autisti-

281 2188 346 2244 tum
371 2202 497 2244 numero
523 2182 610 2245 brevi
634 2184 794 2247 intervallo
818 2184 966 2246 Henricus
990 2182 1177 2261 WielanduS,

281 2285 331 2346 do.
349 2284 484 2347 Jacobus
504 2284 674 2363 Albichius,
706 2293 736 2348 et
755 2285 838 2348 Elias
860 2286 997 2347 Zeitems
1017 2283 1177 2345 Bebenhu-

283 2386 329 2462 sii,
342 2385 530 2467 Adelbergae
541 2392 571 2448 et
581 2385 782 2469 Alpirspachii
798 2387 949 2468 quondam
960 2385 1094 2463 abbates,
1113 2391 1178 2446 tum

283 2486 477 2550 Sebastianus
498 2485 682 2549 Hormoldus
695 2488 766 2567 l⁷⁵)
788 2488 934 2564 director,
966 2494 995 2550 et
1014 2487 1064 2550 Jo.
1086 2485 1178 2548 Fabri

282 2589 423 2652 ordinum
443 2589 643 2668 consiliarius,
666 2590 752 2650 aunis
774 2608 880 2670 graves
903 2593 932 2650 et
951 2587 1065 2651 meritis
1085 2606 1179 2648 vene-

280 2691 369 2752 randi
394 2692 580 2770 occubuere3
607 2690 809 2771 stuttgardiae
835 2709 909 2752 vero
934 2689 1068 2752 Jacobus
1095 2686 1177 2749 Grab

280 2793 364 2855 aedis
391 2792 567 2855 cathedralis
595 2791 798 2870 ecclesiastes,
827 2791 945 2856 candidi
971 2796 1001 2852 et
1024 2789 1179 2872 tranquilli
1248 2799 1252 2806 '

280 2893 385 2972 animi,
413 2901 443 2957 et
463 2895 615 2958 Erbardus
635 2896 816 2958 Weinmann
836 2894 922 2956 aulae
943 2897 1012 2954 ante
1031 2890 1177 2972 principis

281 2995 404 3057 exilium
425 2996 632 3074 concionator,
653 3017 738 3060 rarae
756 3001 787 3059 et
806 2993 978 3074 multiplicis
999 2992 1177 3056 eruditionis

278 3095 428 3178 theologi,
454 3097 628 3160 consistorii
648 3099 797 3180 collegae,
824 3096 940 3159 tristem
964 3095 1055 3157 vitam
1075 3095 1189 3158 absol-'

278 3205 405 3276 verunt,
430 3218 536 3260 omnes
562 3199 634 3260 mihi
654 3200 836 3264 familiariter
856 3195 976 3276 cogniti.
1019 3197 1176 3260 Albichius

279 3298 387 3376 affinis,
411 3298 541 3362 Grabius
560 3300 724 3364 commilito
745 3308 836 3383 atque
852 3297 1089 3378 jucundissimus
1110 3297 1173 3358 luit.

276 3399 508 3478 Weinmamrus,
535 3419 626 3483 quem
652 3400 693 3463 ob
721 3401 843 3464 eximias
872 3398 962 3462 animi
990 3399 1075 3462 dotes
1105 3395 1174 3476 plu·

276 3499 344 3561 rimi
364 3500 523 3578 habebam,
551 3509 712 3584 postquam
735 3522 793 3584 per
816 3501 920 3583 plures
940 3519 1036 3564 annos
1057 3497 1175 3560 amicis·

276 3599 385 3664 simum
412 3607 443 3665 et
468 3600 637 3667 studiorum
659 3603 776 3668 accium
795 3603 1014 3685 possedissem,
1039 3597 1173 3663 simulta-
