3025 4409
1327 500 1577 569 Nuptiae.
2265 512 2349 573 45

540 657 749 718 Adfuit
794 655 966 716 etiam
1010 674 1136 715 non
1178 664 1431 717 vocatus
1469 657 1826 718 Wilhelmus
1869 658 2345 737 BidembachiuS‚

540 766 710 818 ratus
754 756 943 816 amori
987 765 1200 817 nostro
1247 766 1304 817 et
1346 766 1436 818 tot
1463 777 1758 818 annorum
1790 760 2211 822 consuetudini
2240 764 2345 823 de-

535 858 702 932 beri,
759 878 836 917 ne
891 857 1190 917 festivitati
1234 878 1401 917 meae
1445 859 1700 919 deesset.
1786 860 1984 920 Fuere
2026 869 2086 921 et
2124 864 2343 924 Henri-

536 978 651 1019 cus
676 958 1038 1035 Wellingius
1069 958 1290 1032 senior,
1339 958 1707 1020 Abrahamus
1738 960 2087 1023 Hoelzelius
2117 970 2176 1023 et
2201 964 2339 1026 Joh.

534 1059 897 1119 Valentinus
942 1058 1149 1118 Moser
1191 1066 1502 1137 cognatuS,
1547 1067 1669 1119 tum
1714 1061 1881 1121 urbis
1927 1062 2341 1143 Vaihingensis

534 1160 774 1238 legatus
817 1159 1028 1218 consul
1059 1159 1195 1220 Joh.
1228 1159 1479 1220 Buhlius
1526 1171 1909 1235 ornamentO,
1956 1183 2211 1243 quorum
2255 1164 2343 1224 hi-

534 1259 772 1320 laritate
815 1278 1035 1319 socero
1081 1280 1232 1334 mec,
1277 1260 1408 1319 viro
1455 1261 1719 1321 omnium
1764 1283 1991 1323 summe
2023 1265 2345 1346 tranquillo

538 1371 601 1421 et
643 1366 859 1438 vegeto
905 1359 1265 1420 satisfactum
1314 1367 1420 1420 est.
1496 1362 1648 1440 Ipsis
1690 1362 1912 1441 nuptiis
1941 1364 2224 1425 nuncium
2256 1366 2346 1426 in-

541 1462 801 1524 tervenit
845 1462 919 1520 de
950 1461 1332 1539 Griiningero
1377 1463 1452 1522 ad
1498 1463 2071 1542 praepositurae⁶⁷)
2116 1467 2346 1544 apicem

541 1572 777 1636 evect0,
824 1562 986 1641 quod
1019 1563 1173 1621 inter
1200 1563 1464 1641 auspicia
1496 1584 1626 1625 mea
1656 1565 1852 1639 retuli,
1898 1572 1956 1625 et
1983 1566 2165 1627 rebus
2195 1568 2343 1628 meis

534 1664 844 1746 profuisse
888 1682 1017 1723 sum
1065 1671 1368 1740 expertus,

626 1766 909 1825 Inchoata
962 1762 1319 1823 oeconomia
1375 1764 1629 1842 primum
1674 1763 1815 1837 suit,
1874 1771 1940 1823 ut
1983 1774 2225 1825 matrem
2269 1762 2358 1827 ab'

535 1866 710 1928 obitu
768 1866 946 1924 herae
997 1864 1286 1942 principis
1341 1862 1733 1941 Sibyllae⁶⁸)
1790 1864 2141 1925 Anhaltinae
2192 1866 2345 1927 libe·

535 1966 652 2027 rali
699 1966 847 2026 rude
892 1966 1166 2025 donatam
1211 1965 1286 2023 ad
1329 1983 1424 2022 me
1467 1963 1829 2041 reciperem,
1885 1984 2039 2044 quae
2082 1966 2347 2026 suaviter

537 2067 618 2127 ad
675 2066 982 2147 sequentis
1035 2065 1175 2125 anni
1231 2064 1645 2144 Septembrem
1700 2082 1929 2123 mecum
1984 2064 2160 2138 vixit,
2219 2086 2342 2147 quo

535 2176 815 2246 tempore
857 2166 932 2226 ab
966 2169 1139 2225 Anna
1167 2164 1305 2239 filia,
1351 2186 1504 2245 quae
1534 2166 1592 2225 in
1628 2184 1694 2224 re
1726 2164 1889 2225 lauta
1917 2174 2094 2240 esset,
2138 2168 2343 2228 sedem

538 2270 603 2329 in
660 2265 1166 2328 Heidenheimium
1224 2285 1418 2345 usque
1474 2267 1552 2326 ad
1607 2265 1815 2345 generi
1868 2273 2121 2327 mortem
2180 2268 2345 2329 1620

540 2366 850 2429 transtulit
913 2367 1172 2446 indeque
1235 2366 1310 2425 ad
1363 2386 1458 2426 me
1510 2366 1704 2427 rediit.
1812 2368 1966 2427 Dein
2016 2388 2153 2429 cum
2205 2376 2349 2448 post

543 2465 839 2528 ecclesiae
883 2486 1101 2545 operas
1144 2466 1466 2545 plurimum
1507 2475 1750 2527 vacaret
1795 2486 1909 2529 nec
1952 2475 2143 2529 tutum
2187 2477 2351 2531 esset

542 2589 686 2629 cum
727 2568 1095 2640 hominibus,
1141 2566 1244 2647 qui
1285 2566 1533 2627 acerbas.
1576 2568 1734 2629 inter
1775 2587 1841 2627 se
1883 2566 2048 2643 lites,
2093 2577 2340 2631 conten-

540 2670 742 2730 tiones
787 2675 846 2727 et
887 2667 1216 2729 simultates
1252 2668 1633 2745 exercebant,
1678 2668 2043 2745 conversari,
2086 2669 2340 2731 animum

543 2771 624 2831 ad
667 2769 1185 2831 commentandum
1231 2766 1456 2847 aliquid
1499 2769 1732 2847 appuli,
1780 2775 1839 2828 et
1880 2769 2153 2831 excussis
2197 2771 2344 2831 scri-

542 2871 662 2932 niis
704 2870 854 2931 meis
895 2870 1094 2949 aliqua
1134 2867 1522 2945 interpolavi,
1568 2869 1767 2949 aliqua
1796 2869 1955 2945 anxi,
1992 2868 2170 2947 plura
2196 2890 2344 2931 veru

544 2970 741 3048 adjeci
785 2978 842 3030 et
883 2977 1122 3048 praeter
1147 2968 1597 3031 lucubrationes
1626 2970 1848 3030 nullam
1884 2969 2039 3029 diem
2079 2969 2211 3031 sine
2240 2971 2344 3031 ali-

546 3092 668 3152 qua
712 3071 1040 3148 scriptione
1082 3068 1246 3128 abire
1275 3088 1490 3147 passus
1523 3088 1671 3130 sum.
1743 3070 1874 3130 Jam
1905 3070 1965 3131 in
1997 3070 2192 3131 lucem
2222 3075 2344 3135 Tu-

543 3173 764 3251 bingae
806 3169 1156 3250 prodierant
1197 3167 1586 3230 Collectanea
1629 3171 2061 3247 mathematica,
2106 3172 2348 3233 Summa

553 3272 866 3334 doctrinae
909 3270 1262 3331 christianae
1307 3289 1380 3329 ex
1409 3270 1800 3331 Hafenrefl'eri
1843 3272 1960 3331 mei
1989 3275 2348 3353 compendi-u

533 3380 850 3445 extracta,
915 3370 1324 3449 Panegyricus
1367 3370 1747 3431 Schermario
1789 3372 2013 3449 dictus,
2062 3374 2352 3435 Vocatiu-

551 3470 774 3547 nis⁶⁹)
809 3479 1115 3550 syntagma
1156 3478 1216 3531 et
1243 3470 1533 3551 quaedam
1562 3466 2089 3552 r[h]ythmica⁷⁰),
2134 3472 2352 3553 quihus

553 3572 810 3635 accessit
839 3571 1264 3641 Cosmoxenus
1307 3592 1343 3633 a
1377 3572 1654 3634 Johanne
1694 3573 1968 3635 Stoffelio
2005 3573 2356 3638 Hel-icariae
