3025 4409
544 503 687 572 Cynosura
704 502 901 556 ecclesiastica.
1112 508 1171 567 185

360 660 448 719 Onus
468 659 573 737 impar,
729 660 840 738 iugum
863 659 973 736 dispar,

357 760 537 820 Stomachus
559 758 674 834 debilis,
723 759 868 820 Memoria
889 759 1000 830 labilis:

357 860 446 920 Panis
468 861 613 933 defectus,
717 862 874 941 Frequens
893 861 1063 938 despectus

357 963 493 1022 Praecox
514 962 639 1037 senium,
719 961 840 1022 Nausea
860 981 970 1035 rerum,

357 1061 497 1142 Contagii
515 1062 691 1142 periculum,
715 1062 803 1124 Coeli
825 1061 1003 1122 desiderium

538 1170 648 1241 urgent
665 1183 765 1223 meum
785 1163 906 1224 abitum.

270 1261 319 1323 Ne
339 1282 415 1324 vero
442 1263 517 1324 nihil
543 1284 677 1344 agerem,
707 1264 738 1323 in
759 1264 948 1324 alumnorum
970 1262 1060 1322 studii
1080 1263 1168 1322 theo-

270 1363 363 1443 logici
383 1365 603 1426 restitutionem
625 1373 655 1424 et
675 1363 850 1438 subsidium,
863 1362 1070 1424 cunctantibus
1092 1363 1168 1442 ipsis

270 1465 450 1544 Musagetis‚
474 1474 558 1527 totus
584 1465 722 1538 incubui,
750 1464 859 1544 quibus
885 1465 916 1524 in
945 1464 1114 1544 exemplum
1136 1470 1166 1524 et

272 1585 355 1644 spem
382 1567 496 1646 patriae
517 1569 545 1627 5.
567 1566 649 1627 Junii
674 1563 807 1625 Gottlieb
840 1565 935 1625 filium
960 1564 1087 1626 inserui¹
1102 1565 1164 1640 ⁸⁷).

272 1667 392 1728 Dehinc
411 1677 446 1728 nt
465 1675 639 1745 superesset
657 1674 728 1744 post
748 1673 860 1726 tantam
880 1664 1060 1740 vastitatem,
1083 1669 1167 1746 qnod

272 1767 513 1830 ecclesiastamm
530 1787 629 1828 mores
646 1766 696 1825 vel
710 1766 853 1826 somniaret
872 1765 921 1824 vel
936 1774 1101 1842 coerceret,
1117 1787 1169 1827 re-

271 1868 371 1946 gulam
383 1888 421 1928 ex
436 1869 593 1947 rescriptis
603 1869 760 1944 majorum,
772 1885 861 1946 quam
875 1885 1054 1943 cynosuram
1072 1887 1166 1928 oeco-

271 1968 391 2028 nomiae
409 1969 630 2030 ecclesiasticae
644 1968 798 2047 appellare
812 1967 910 2028 visum
926 1974 980 2040 est,
998 1967 1161 2028 concinna-

272 2076 332 2128 tam
342 2069 455 2148 publici
463 2070 542 2146 juris
555 2071 622 2145 leci,
635 2071 714 2131 baud
727 2069 820 2130 dubio
829 2069 859 2129 in
871 2069 1003 2129 futurum
1016 2089 1084 2142 usu,
1098 2089 1166 2130 cum

271 2190 329 2232 nos
356 2171 544 2248 symmetriae
570 2171 846 2250 Wiirtembergicae
878 2170 962 2250 gnari
993 2170 1165 2231 defecerint.

270 2271 380 2331 Nama
399 2271 481 2331 mille
501 2272 695 2352 quadraginta
716 2291 770 2332 sex
791 2270 946 2350 capitibus,
969 2289 1047 2350 quae
1068 2270 1165 2330 eccle

271 2372 333 2433 siae
363 2373 499 2433 dedicata
527 2380 587 2453 atq.
614 2373 744 2435 adhibita
779 2374 860 2450 apud
886 2391 944 2433 nos
975 2378 1071 2446 eraut,
1101 2371 1165 2448 jam

272 2474 310 2533 ad
330 2473 393 2533 338
406 2473 520 2533 redacti
541 2492 653 2534 sumus.
676 2473 755 2534 Cum
775 2474 873 2552 patria
894 2473 981 2533 clade
1001 2475 1059 2534 boc
1078 2473 1165 2554 quin-

273 2573 405 2655 quennio
427 2575 488 2634 518
508 2573 592 2633 varia
610 2581 697 2652 peste
717 2574 874 2653 absumpta
894 2581 972 2647 suut,
990 2574 1038 2650 (ut
1058 2573 1095 2632 de
1117 2580 1164 2634 to-

272 2674 331 2735 tius
350 2674 457 2752 populi
477 2674 578 2749 clade,
606 2675 657 2754 qui
683 2671 895 2748 345,237¹⁸⁸>
916 2674 1046 2752 capitrm
1068 2694 1166 2755 quon-

272 2776 339 2835 dam
358 2775 423 2851 fuit,
444 2776 648 2852 conjecturam
668 2776 868 2854 praeteream)
885 2774 1046 2855 quaemihi
1060 2795 1165 2836 recen-

274 2874 351 2935 senti
369 2874 460 2954 plane
479 2877 600 2937 borrori
612 2877 743 2949 fuerunt,
755 2893 824 2936 cum
836 2875 915 2937 inter
925 2895 960 2937 ea
973 2883 1119 2955 patronos
1133 2877 1164 2954 2,

273 2982 486 3054 praeceptores
496 2978 526 3053 3,
548 2975 762 3058 competitores
778 2977 826 3054 11,
843 2977 1034 3039 concreditos
1045 2975 1095 3050 31),
1113 2996 1165 3039 so-

273 3076 374 3137 rorios
383 3078 413 3151 2,
441 3087 589 3157 cognatos
602 3082 632 3154 9,
660 3078 764 3138 affines
778 3079 827 3153 15,
854 3077 974 3139 sodales
988 3079 1017 3152 5,
1043 3075 1166 3139 intimae

273 3184 362 3238 notae
383 3178 496 3239 amicos
509 3181 545 3256 5,
566 3179 781 3241 communioris
796 3179 837 3240 33
858 3197 1045 3240 numerarem
1063 3187 1094 3239 et
1114 3197 1170 3240 or«

273 3277 393 3339 bitatem
414 3299 510 3341 meam
529 3290 620 3363 atque
647 3281 838 3343 solitudinem
865 3279 1063 3360 deplorarem.
1105 3279 1164 3339 Vix

275 3380 442 3460 quindecim
462 3380 501 3441 ab
521 3383 603 3444 omni
622 3401 699 3445 aevo
713 3401 782 3444 meo
800 3389 971 3461 supersunt,
986 3379 1164 3463 quibuscum

274 3480 352 3540 vitae
370 3480 470 3541 tabula
483 3492 551 3544 acta
566 3495 621 3562 est,
638 3493 668 3546 ct
685 3481 830 3545 amicitiae
849 3483 971 3563 vestigia
986 3487 1164 3562 agnoscunt.

277 3580 338 3641 Sed
349 3588 379 3641 et
390 3579 438 3640 bic
448 3601 545 3647 annus
560 3605 668 3648 saevus
680 3585 750 3648 mibi
759 3583 914 3648 funeribus
927 3579 1102 3660 luitablatis
1113 3583 1163 3646 22.

276 3679 374 3741 Martii
402 3679 545 3747 Conrado
571 3685 762 3751 'lbeodorico
795 3705 901 3768 magno
933 3681 1163 3765 theologo,¹¹⁹)
