3025 4409
459 491 618 545 valentinus
635 488 709 544 ritae
724 489 816 544 medio
835 490 969 561 fatigatur.
1102 498 1162 557 2⁶⁵1

268 647 460 708 Bemnaruus
485 646 618 709 Weinliu
644 655 677 708 et
700 649 834 709 loannes
861 647 987 709 blicbael
1014 648 1164 708 llolmann

267 748 528 824 Neostadienses.‚
548 750 684 810 loannes
699 749 850 828 Georgius
865 747 1071 809 Habelsbover
1085 749 1166 808 Bair-¹

267 848 412 928 lingens,
439 851 592 930 Georgius
617 849 854 929 christophorus
877 851 958 909 Geor
977 849 1165 927 Bulacensis,

268 951 389 1012 Samuel
410 951 517 1012 Justus
530 949 700 1012 Biberstein
716 950 937 1029 Oberessling.‚
958 949 1092 1011 loannes
1110 951 1163 1010 Ja-

268 1050 364 1112 oobus
379 1048 490 1128 Bub*)
502 1051 681 1131 Wildperg„
696 1051 816 1113 Ulricus
828 1050 1012 1129 Polycarpus
1027 1050 1165 1112 Steudlin

267 1149 506 1232 Backnangens„
519 1153 656 1215 «loannes
669 1153 862 1214 Baltbasarus
877 1150 1009 1212 Sebubin
1020 1151 1162 1230 Marpao,

266 1250 403 1313 loannes
429 1251 580 1332 Georgius
604 1253 726 1314 Biirker
750 1252 1105 1324 Wemnbreehthusanus‚
1137 1260 1167 1314 et

268 1353 457 1414 Feurbachio
484 1353 565 1431 apud
591 1373 665 1414 siros
690 1360 787 1414 morte
808 1359 972 1432 praevento
993 1355 1166 1416 Fridericus

269 1453 402 1515 lacobus
430 1453 560 1514 Merxlin
590 1452 793 1532 Nellingensis
823 1453 1010 1517 substitutus.
1062 1457 1096 1518 ln
1122 1457 1166 1516 la-

270 1553 349 1614 milia
374 1573 442 1615 mea
468 1573 573 1632 parum
594 1562 641 1614 est
660 1560 818 1626 mutatum,
847 1552 1014 1614 restitutum
1036 1558 1167 1635 parenti-

268 1653 326 1714 bus
353 1661 494 1734 nepotem
521 1654 668 1715 loannem
689 1654 759 1713 Val.
778 1651 937 1713 Riielinnm
959 1656 988 1715 7.
1002 1655 1096 1735 April.
1118 1679 1167 1719 re-

270 1754 346 1834 cepi,
370 1757 419 1816 18.
432 1754 561 1816 Octobr.
581 1755 724 1816 famulum
740 1753 903 1816 Stuberum
919 1761 989 1832 post
1004 1775 1114 1818 annum
1137 1766 1167 1822 et

270 1856 466 1936 quadrantem
499 1855 566 1932 ejus
597 1856 709 1916 mutavi
741 1876 810 1916 enm
842 1855 976 1916 Antonio
1003 1856 1167 1920 leuisobio.

270 1958 318 2017 De
349 1956 470 2018 insolita
502 1964 533 2016 et
558 1957 695 2017 ominosa
726 1974 872 2036 aquarum
898 1955 1038 2024 eluvione
1066 1977 1168 2019 mense

270 2057 430 2133 Januario,
453 2065 484 2117 et
503 2057 573 2117 anni
593 2055 744 2118 fertilitate
764 2055 815 2116 alii
836 2056 949 2131 dicant,
970 2076 1017 2116 me
1038 2058 1168 2120 taedium

272 2155 416 2236 teneffl)
442 2157 532 2219 toties
552 2158 666 2219 iteratis
685 2157 849 2238 imparibus
872 2165 902 2218 et
922 2156 1051 2236 indignis
1070 2157 1177 2234 luctis„

272 2258 325 2319 nbi
350 2258 381 2319 in
408 2279 529 2319 caveam
555 2259 694 2336 conjecto
724 2269 755 2320 et
781 2279 849 2320 curn
876 2257 979 2319 bestiis
1007 2258 1169 2322 commisso

272 2359 395 2420 vincere
427 2359 467 2420 sit
500 2357 677 2439 inglorium,
711 2359 791 2420 vinci
827 2379 902 2420 vero
939 2358 1168 2421 dedecorosum.

271 2459 350 2521 Nam
376 2459 428 2520 nbi
451 2459 548 2536 judex
575 2467 623 2521 est
647 2461 816 2536 obnoxius,
842 2459 988 2521 laedentis
1008 2459 1169 2542 nequitiam

272 2561 304 2621 in
327 2560 418 2622 laude
445 2567 476 2620 et
501 2560 629 2623 artifieio
654 2562 746 2641 poni,
773 2561 848 2623 laesi
873 2581 949 2622 vero
969 2559 1168 2624 innocentiam

272 2660 377 2722 baberi
404 2658 587 2737 deridiculo,
614 2671 644 2724 et
669 2662 812 2744 quicquid
838 2661 987 2736 obtineat,
1017 2662 1169 2740 maculari,

272 2770 308 2822 ut
325 2781 446 2841 semper
464 2760 577 2843 aliquid
594 2765 723 2838 baereat,
745 2761 950 2840 experimento
965 2760 1069 2836 didici3
1090 2764 1171 2826 unde

273 2861 345 2922 mibi
363 2860 396 2922 iu
416 2861 496 2923 votis
516 2861 677 2941 supremis,
705 2870 740 2923 ut
759 2861 838 2924 rude
855 2861 1011 2942 impetrata
1028 2863 1105 2925 inter
1125 2864 1171 2927 vi·

273 2970 322 3024 tae
348 2961 472 3041 negotis
496 2969 527 3022 et
545 2963 652 3024 mortis
672 2962 751 3023 diem
777 2961 911 3041 spacium
930 2962 1054 3047 aliquod
1078 2964 1171 3028 iuter·

275 3062 383 3124 cedere
404 3061 510 3142 possit

318 3165 429 3224 llorret
448 3161 573 3238 animus,
595 3162 747 3223 reminisci
771 3182 885 3239 sonim,
907 3183 984 3244 quae
1004 3185 1101 3228 annus
1123 3185 1170 3226 se-

276 3283 373 3345 quens
395 3264 485 3325 1652.
506 3263 582 3324 dura
602 3262 727 3343 diraque
742 3263 813 3324 mibi
827 3263 969 3342 intulerit,
993 3265 1045 3326 ubi
1062 3283 1171 3326 caveae

277 3365 412 3426 inclusus
434 3371 464 3425 et
483 3363 637 3440 subjectns
658 3362 772 3425 lerulae
793 3363 830 3425 ab
852 3365 993 3428 insolenti
1009 3365 1171 3444 supercilio

345 3578 374 3647 δι)
391 3577 459 3631 Cod.
477 3594 514 3632 a:
535 3577 625 3633 Bnois
674 3577 795 3647 *Ocno
805 3578 836 3634 B.
854 3583 882 3634 et
899 3596 936 3634 a:
958 3583 1033 3633 teum
1049 3593 1091 3632 ex.
