3025 4409
354 493 415 554 m
611 487 693 542 hiber
708 485 752 541 lv.
786 485 970 544 test-1630.

352 645 436 706 luctu
455 655 561 706 nostro
582 646 631 707 27.
643 644 722 720 lau,
742 645 780 704 de
801 642 908 725 quibus
929 643 1051 706 brevior
1073 663 1153 707 nunc
1174 665 1243 708 esse

354 765 487 824 possum,
499 745 640 825 quoniam
650 745 808 826 utriusque
819 743 923 806 laudes
930 745 1013 822 justa
1020 746 1180 808 Oratione¹
1189 745 1202 780 ²
1211 746 1243 823 ⁴)

353 846 509 926 explicavi.
551 845 702 925 Septemb.
716 844 819 926 quinta
840 842 961 906 abstulit
980 845 1066 922 mihi,
1092 866 1160 908 cum
1180 847 1244 908 Tu·

353 947 461 1026 bingae
486 965 597 1018 essem,
625 943 846 1006 festivissimum
872 945 1004 1023 puellum
1031 947 1244 1008 Johvalenti-

353 1067 424 1109 num
444 1045 513 1107 tabe
539 1046 717 1107 conlectum.
764 1045 797 1104 ln
818 1044 904 1121 cujus
924 1045 1058 1108 solamen
1079 1067 1147 1109 cum
1164 1066 1244 1110 uxor

352 1149 403 1209 2⁶.
415 1146 541 1208 Octobr.
559 1145 681 1208 filiolam
702 1143 874 1206 Patientiam
901 1145 986 1206 enixa
1014 1155 1107 1221 esset,
1140 1149 1243 1210 cadem

355 1250 385 1308 6.
407 1246 549 1307 Decemb.
568 1245 655 1323 ¹²⁸),
686 1263 787 1325 pugna
817 1243 869 1306 illa
899 1247 937 1306 ad
962 1248 1072 1325 Liizaru
1093 1247 1243 1308 saxoniae

353 1354 478 1407 cruenta
497 1346 647 1426 insignito,
668 1345 735 1407 latis
756 1345 915 1408 concessit.
946 1348 1050 1428 Longe
1063 1355 1160 1409 tamen
1181 1366 1242 1408 ma-

348 1449 401 1525 jus
421 1447 532 1508 vulnus
552 1446 659 1507 indixit
679 1447 727 1523 (ut
753 1467 792 1506 ex
813 1446 922 1507 familia
942 1467 1008 1509 mea
1027 1447 1105 1510 intra
1123 1455 1242 1509 verten-

352 1555 411 1609 tem
437 1567 547 1609 aunum
568 1545 699 1608 duodeni
725 1546 845 1607 circiter
866 1547 1076 1625 occubuerint)
1098 1550 1241 1611 decessus

352 1649 497 1711 ecclesiae
507 1647 599 1710 tristis
605 1645 814 1726 Christophori
820 1647 979 1708 Leibnizii¹
988 1647 1040 1728 ²⁶)
1052 1649 1241 1710 ecclesiastae

352 1749 600 1830 Norihergeusis‚
626 1747 683 1808 viri
707 1747 738 1808 in
759 1749 921 1810 asserenda
946 1748 1007 1810 vita
1036 1756 1068 1810 et
1087 1748 1243 1828 disciplina

351 1849 601 1931 incomparabilis,
622 1848 722 1910 fratris
743 1850 802 1910 mei
820 1849 973 1927 individui,
992 1850 1078 1928 cujus
1099 1850 1130 1912 iu
1151 1869 1242 1910 causa

352 1951 466 2013 Christi
491 1949 562 2012 serii
586 1950 744 2011 conflictus
770 1957 800 2011 et
825 1949 1007 2011 indefessum
1026 1949 1152 2028 juvandi
1177 1955 1241 2011 stu-

352 2052 434 2115 dium
454 2057 603 2112 aeternam
629 2048 802 2111 memoriam
828 2055 990 2111 merentur.
1038 2051 1130 2127 Quod
1154 2051 1241 2111 rehi-

351 2160 450 2213 catum
476 2157 523 2211 est
546 2151 652 2212 funere
678 2149 837 2229 religiosae
861 2157 1014 2212 matronae
1034 2150 1139 2212 Annae
1159 2150 1240 2211 hiar-

352 2252 492 2332 garethae
524 2250 671 2312 Belleriae
708 2252 809 2330 Bajeri
839 2252 898 2312 mei
925 2251 1069 2314 individui
1103 2251 1240 2331 conjugis

351 2350 554 2414 electissimae.
602 2351 672 2413 Nou
700 2353 823 2414 defuere
850 2359 948 2413 tamen
974 2354 1063 2432 hujus
1087 2351 1158 2412 anui
1184 2350 1240 2412 ob-

349 2451 541 2524 lectamenta,
568 2470 697 2530 quorum
722 2451 810 2512 facile
835 2451 1006 2531 primarium
1027 2452 1133 2531 judico
1152 2453 1240 2513 scho-

349 2551 397 2613 lae
407 2547 627 2629 hirsaugiensis
640 2572 708 2612 cum
722 2552 939 2614 Behenhusaua
954 2553 1181 2628 restitutionem,
1195 2551 1241 2613 rei

350 2650 536 2714 Christianae
559 2652 628 2732 plus
654 2671 744 2734 quam
765 2655 977 2726 necessariam:
1002 2651 1122 2733 longius
1142 2659 1240 2714 tamen

349 2751 455 2815 nescio
486 2771 615 2832 quorum
645 2753 836 2815 cunctatione
866 2773 954 2835 quam
983 2771 1038 2834 par
1069 2761 1134 2815 erat
1166 2771 1239 2832 pro-

349 2858 481 2916 tractam.
524 2851 678 2914 Successit
696 2854 742 2916 lll.
763 2854 906 2935 principis
925 2854 1071 2916 Friderici
1087 2853 1239 2915 Marchio-

349 2951 552 3016 uisBadensis
563 2952 790 3017 clementissima
802 2953 833 3015 iu
848 2973 896 3016 me
904 2954 1077 3036 propensio.
1099 2955 1239 3034 Quicum

349 3051 476 3115 acidulis
497 3052 730 3118 'lainaceusibus
748 3054 855 3116 vicinis
874 3061 1018 3131 uteretur,
1038 3073 1101 3117 non
1122 3053 1238 3117 dubita-

349 3153 401 3231 vit,
422 3171 470 3215 me
491 3154 596 3235 (quem
611 3157 674 3234 jam
691 3156 723 3218 in
740 3173 825 3218 sacra
842 3153 916 3215 aede
937 3155 1090 3217 audiverat
1110 3165 1141 3218 ct
1154 3173 1238 3217 meu-

350 3273 402 3317 sae
427 3254 618 3332 adhibuerat)
642 3257 772 3319 invisere
793 3253 915 3318 clunii
939 3261 970 3317 et
995 3256 1122 3336 eleganti
1148 3275 1238 3318 accu-

348 3362 475 3436 ratoque
496 3355 612 3432 judicio
639 3375 696 3418 suo
726 3356 871 3418 artificum
898 3375 972 3436 quas
993 3356 1102 3438 collegi
1129 3375 1238 3438 operas

349 3473 474 3518 censere
493 3462 583 3536 atque
608 3456 746 3536 probare.
796 3456 932 3537 Cumque
951 3457 1025 3518 lolii
1043 3459 1093 3521 2³.
1114 3459 1239 3522 Plorze-

349 3558 440 3621 mium
465 3555 631 3635 expatiatus
658 3576 769 3634 essem,
801 3557 928 3620 accitum
954 3558 993 3619 ad
1019 3578 1052 3622 se
1081 3560 1112 3620 iu
1139 3579 1239 3622 arcem
