3025 4409
320 476 382 536 m
574 468 657 522 cuer
672 467 739 521 vnn
774 465 962 521 1651—1653.

323 645 392 686 cnm
418 625 527 686 talibus
556 624 721 684 combinari
748 621 1055 696 Mezentianum²⁸⁹)
1085 623 1225 682 videatur

323 725 517 804 supplicium,
538 726 590 786 ubi
603 725 680 786 vivis
702 725 855 785 bominum
876 723 1058 802 corporibus
1081 743 1149 782 curu
1170 741 1223 782 oa-

324 825 485 888 daveribus
506 826 655 907 colligatis
676 842 737 886 una
756 830 1001 903 computrescere
1016 823 1070 883 fuit
1084 841 1223 894 necesse,

324 925 480 1006 doluitque
508 928 567 987 boc
591 927 699 1006 magis,
729 925 811 1006 quod
840 924 878 983 ad
906 923 1032 984 alienam
1059 923 1222 996 libidinem,

325 1033 356 1086 et
385 1025 595 1088 oblectandum
630 1033 741 1086 tectum
775 1025 915 1098 livorem,
954 1023 1224 1102 proritandumque

324 1125 511 1205 implacabile
531 1126 633 1187 odium
654 1127 712 1186 boc
733 1128 904 1204 viperarum
930 1124 1067 1202 genimen
1092 1123 1164 1182 milri
1186 1123 1225 1184 sit

324 1224 500 1302 immissum,
523 1227 610 1302 cujus
630 1225 741 1285 vindex
764 1227 846 1286 Deus
869 1233 942 1286 esto.
981 1225 1133 1284 Funestus
1156 1243 1225 1284 cae·

325 1333 390 1386 tera
409 1326 458 1386 bic
477 1345 574 1387 annus
596 1325 665 1386 mibi
686 1326 741 1386 luit
762 1325 914 1386 sociorum
935 1325 1035 1384 variae
1061 1324 1166 1385 aetatis
1194 1331 1225 1384 et

325 1425 489 1486 amicorum
522 1426 714 1487 selectiorum
748 1426 873 1486 notabili
904 1425 989 1486 clade
1021 1425 1116 1494 illatar
1154 1445 1224 1484 nam

325 1524 450 1604 puerilis
477 1526 533 1587 luit
558 1527 664 1587 Daniel
693 1527 824 1588 Moerliu
852 1525 909 1586 sub
937 1545 998 1586 uuo
1026 1533 1225 1603 praeceptore

325 1624 433 1686 vitrico
459 1645 517 1688 suo
544 1629 678 1708 Georgio
701 1627 843 1688 Oswaldo
871 1625 1058 1706 Regiolonti,
1087 1625 1139 1707 qui
1167 1645 1226 1686 no-

326 1735 467 1788 vercante
487 1729 608 1789 fortuna
629 1729 720 1789 miser
745 1727 828 1789 obiit.
862 1726 1009 1787 Juvenilis
1037 1746 1110 1787 vero
1131 1727 1225 1788 Jaco-

325 1826 383 1889 bus
396 1827 541 1904 Zellerns,
563 1829 610 1888 vir
621 1829 790 1901 immobilis,
808 1829 848 1888 74
867 1847 964 1888 annos
982 1833 1078 1902 natus,
1103 1829 1150 1890 17.
1164 1829 1226 1888 De-

326 1928 448 2005 cembr.,
470 1929 595 2007 Philipp.
613 1929 747 1990 lacobus
764 1928 924 1989 Hiittstock
944 1927 1036 1989 abbas
1057 1927 1226 2006 Blabyren-

327 2030 369 2090 sis
394 2029 591 2110 quadriennio
618 2030 720 2090 minor
736 2030 786 2089 27.
800 2027 892 2107 Aug,
915 2035 944 2088 et
964 2027 1033 2090 Joh.
1055 2027 1226 2088 Meuderlin

327 2130 377 2190 24.
398 2128 487 2206 lulli,
513 2129 713 2208 provectioris
741 2138 840 2191 autem
860 2128 929 2188 Joh.
951 2127 1098 2189 Martinus
1126 2129 1227 2205 Majer

328 2226 495 2290 Crusianus
523 2230 571 2290 12.
594 2229 688 2309 Sept,
715 2231 849 2310 privatae
870 2229 996 2308 insuper
1021 2228 1227 2290 familiaritatis

328 2336 359 2390 et
383 2328 509 2390 literarii
528 2332 700 2392 commercii
725 2331 813 2392 facile
839 2331 954 2410 primus
974 2331 1112 2392 Andreas
1133 2329 1227 2390 Rein-

314 2429 437 2491 ·bardus
458 2429 612 2509 Augustae
632 2433 798 2508 actuariuS‚
826 2450 947 2510 magnae
968 2429 998 2490 in
1020 2450 1068 2491 me
1089 2430 1135 2490 vir
1156 2430 1228 2492 fidei

328 2529 377 2590 19.
391 2529 473 2605 Oct,
495 2532 651 2610 proximus
668 2533 737 2594 huic
751 2534 858 2594 Petrus
876 2529 1123 2604 Meuderlin²⁹.⁰)
1138 2529 1176 2591 de
1192 2551 1226 2592 re

326 2628 458 2691 literaria
471 2632 677 2694 meritissimus
697 2634 840 2712 21.Maji;
864 2631 971 2693 debinc
980 2631 1115 2692 loannes
1128 2631 1228 2692 Geor-

327 2730 394 2810 gius
420 2732 567 2794 Wibelius
587 2733 771 2795 Hallensium
792 2735 929 2808 antistes,
957 2732 1081 2812 insignis
1107 2732 1228 2794 theolo-

327 2851 384 2911 gus
405 2833 455 2893 25.
470 2833 612 2910 Octobr„
635 2834 704 2895 inde
726 2837 823 2898 Luras
846 2834 1001 2896 Sciriclrart
1022 2833 1142 2912 ingenio
1165 2853 1230 2894 ma-

327 2951 388 3012 gno
410 2933 495 2994 fratri
513 2933 675 2996 Wilbelmo
696 2955 759 2997 non
781 2935 883 3015 dispar
905 2936 955 2996 24.
968 2934 1050 3013 Sept.
1099 2933 1146 2993 Ex
1167 2934 1230 3013 pri-

326 3033 428 3095 mariis
443 3033 612 3095 fautoribus
629 3036 737 3098 sublati
753 3036 824 3097 milli
843 3042 925 3097 sunt:
944 3034 1124 3096 Franciscus
1138 3032 1229 3095 Obri-

328 3136 425 3214 stoph.
441 3135 517 3195 baro
530 3134 776 3212 Tieffenbaclrius‚
799 3136 881 3198 ultro
903 3136 933 3194 in
955 3133 1111 3194 amicitiam
1131 3153 1230 3195 meam

326 3236 514 3316 Noribergae
535 3235 683 3315 pellectus
709 3238 759 3299 20.
779 3235 865 3314 Maji,
897 3233 1014 3314 Caspar
1035 3233 1230 3296 Lercbenlel-

327 3337 395 3400 dius
416 3356 539 3416 maguus
559 3345 702 3417 quaestor
720 3333 977 3414 Wiirtembergiae
1000 3336 1049 3395 20.
1061 3333 1142 3412 Maji‚
1165 3334 1230 3395 An-

327 3437 415 3500 dreas
436 3439 632 3500 Burkhardus
661 3437 858 3500 cancellarius
880 3441 986 3497 noster
1005 3437 1055 3495 24.
1067 3435 1165 3511 lunii,
1199 3443 1229 3496 et

328 3537 402 3599 mira
423 3559 540 3603 morum
562 3538 702 3601 facilitate
729 3538 867 3620 seniique
886 3537 924 3598 ad
952 3538 1002 3598 8⁰.
1024 3555 1134 3598 annum
1155 3555 1229 3615 pro-
