<?xml version="1.0" encoding="UTF-8"?>
<!DOCTYPE html PUBLIC "-//W3C//DTD XHTML 1.0 Transitional//EN"
    "http://www.w3.org/TR/xhtml1/DTD/xhtml1-transitional.dtd">
<html xmlns="http://www.w3.org/1999/xhtml" xml:lang="en" lang="en">
 <head>
  <title>
</title>
<meta http-equiv="Content-Type" content="text/html;charset=utf-8" />
  <meta name='ocr-system' content='tesseract 3.04.00' />
  <meta name='ocr-capabilities' content='ocr_page ocr_carea ocr_par ocr_line ocrx_word'/>
</head>
<body>
  <div class='ocr_page' id='page_1' title='image "./ioannisvalentin00andrgoog_0167.png"; bbox 0 0 3025 4409; ppageno 0'>
   <div class='ocr_carea' id='block_1_1' title="bbox 406 499 1180 573">
    <p class='ocr_par' dir='ltr' id='par_1_1' title="bbox 406 499 1180 573">
     <span class='ocr_line' id='line_1_1' title="bbox 406 499 1180 573; baseline -0.004 -13"><span class='ocrx_word' id='word_1_1' title='bbox 406 506 484 561; x_wconf 86' lang='lat' dir='ltr'>Mors</span> <span class='ocrx_word' id='word_1_2' title='bbox 502 506 556 560; x_wconf 85' lang='lat' dir='ltr'>cita</span> <span class='ocrx_word' id='word_1_3' title='bbox 573 503 749 573; x_wconf 76' lang='lat' dir='ltr'>collegarum.</span> <span class='ocrx_word' id='word_1_4' title='bbox 785 499 887 555; x_wconf 81' lang='lat' dir='ltr'>Threci</span> <span class='ocrx_word' id='word_1_5' title='bbox 905 500 1058 555; x_wconf 86' lang='lat' dir='ltr'>Calvenses.</span> <span class='ocrx_word' id='word_1_6' title='bbox 1121 511 1180 571; x_wconf 83' lang='lat'>157</span> 
     </span>
    </p>
   </div>
   <div class='ocr_carea' id='block_1_2' title="bbox 248 659 1192 3357">
    <p class='ocr_par' dir='ltr' id='par_1_2' title="bbox 248 659 1192 3357">
     <span class='ocr_line' id='line_1_2' title="bbox 282 659 1181 736; baseline -0.002 -14"><span class='ocrx_word' id='word_1_7' title='bbox 282 663 342 723; x_wconf 91' lang='lat' dir='ltr'>mei</span> <span class='ocrx_word' id='word_1_8' title='bbox 364 659 546 736; x_wconf 79' lang='lat' dir='ltr'>calvenses,</span> <span class='ocrx_word' id='word_1_9' title='bbox 575 670 667 723; x_wconf 89' lang='lat' dir='ltr'>testes</span> <span class='ocrx_word' id='word_1_10' title='bbox 697 669 727 720; x_wconf 88' lang='lat' dir='ltr'>et</span> <span class='ocrx_word' id='word_1_11' title='bbox 755 659 847 720; x_wconf 82' lang='lat' dir='ltr'>officii</span> <span class='ocrx_word' id='word_1_12' title='bbox 874 660 904 719; x_wconf 92' lang='lat' dir='ltr'>in</span> <span class='ocrx_word' id='word_1_13' title='bbox 934 669 1018 719; x_wconf 88' lang='lat' dir='ltr'>meos</span> <span class='ocrx_word' id='word_1_14' title='bbox 1040 659 1181 722; x_wconf 82' lang='lat' dir='ltr'>indefessi</span> 
     </span>
     <span class='ocr_line' id='line_1_3' title="bbox 283 758 1181 837; baseline -0.003 -12"><span class='ocrx_word' id='word_1_15' title='bbox 283 772 315 825; x_wconf 90' lang='lat' dir='ltr'>et</span> <span class='ocrx_word' id='word_1_16' title='bbox 334 765 365 824; x_wconf 89' lang='lat' dir='ltr'>in</span> <span class='ocrx_word' id='word_1_17' title='bbox 388 764 523 824; x_wconf 81' lang='lat' dir='ltr'>adversis</span> <span class='ocrx_word' id='word_1_18' title='bbox 545 762 738 824; x_wconf 84' lang='lat' dir='ltr'>constantiae.</span> <span class='ocrx_word' id='word_1_19' title='bbox 781 760 870 820; x_wconf 91' lang='lat' dir='ltr'>Nunc</span> <span class='ocrx_word' id='word_1_20' title='bbox 891 758 1181 837; x_wconf 87' lang='lat' dir='ltr'>PolyantheaeLan-</span> 
     </span>
     <span class='ocr_line' id='line_1_4' title="bbox 284 859 1180 943; baseline -0.002 -19"><span class='ocrx_word' id='word_1_21' title='bbox 284 863 405 943; x_wconf 79' lang='lat' dir='ltr'>gianae¹</span> <span class='ocrx_word' id='word_1_22' title='bbox 417 862 512 935; x_wconf 72' lang='lat' dir='ltr'>“lad</span> <span class='ocrx_word' id='word_1_23' title='bbox 524 863 737 942; x_wconf 79' lang='lat' dir='ltr'>elegantiorem</span> <span class='ocrx_word' id='word_1_24' title='bbox 748 860 919 920; x_wconf 85' lang='lat' dir='ltr'>methodum</span> <span class='ocrx_word' id='word_1_25' title='bbox 936 867 965 919; x_wconf 92' lang='lat' dir='ltr'>et</span> <span class='ocrx_word' id='word_1_26' title='bbox 976 859 1180 922; x_wconf 90' lang='lat' dir='ltr'>studiosorum</span> 
     </span>
     <span class='ocr_line' id='line_1_5' title="bbox 285 960 1181 1024; baseline -0.002 0"><span class='ocrx_word' id='word_1_27' title='bbox 285 963 522 1024; x_wconf 89' lang='lat' dir='ltr'>commodiorem</span> <span class='ocrx_word' id='word_1_28' title='bbox 532 983 620 1023; x_wconf 89' lang='lat' dir='ltr'>usum</span> <span class='ocrx_word' id='word_1_29' title='bbox 631 961 866 1022; x_wconf 81' lang='lat' dir='ltr'>efformationem</span> <span class='ocrx_word' id='word_1_30' title='bbox 875 960 1097 1021; x_wconf 85' lang='lat' dir='ltr'>Bockenboferi</span> <span class='ocrx_word' id='word_1_31' title='bbox 1108 981 1181 1022; x_wconf 90' lang='lat' dir='ltr'>con-</span> 
     </span>
     <span class='ocr_line' id='line_1_6' title="bbox 285 1061 1182 1138; baseline 0 -14"><span class='ocrx_word' id='word_1_32' title='bbox 285 1066 379 1124; x_wconf 86' lang='lat' dir='ltr'>ductu</span> <span class='ocrx_word' id='word_1_33' title='bbox 392 1063 511 1138; x_wconf 88' lang='lat' dir='ltr'>molior,</span> <span class='ocrx_word' id='word_1_34' title='bbox 528 1064 585 1124; x_wconf 89' lang='lat' dir='ltr'>uisi</span> <span class='ocrx_word' id='word_1_35' title='bbox 597 1064 625 1124; x_wconf 95' lang='lat' dir='ltr'>id</span> <span class='ocrx_word' id='word_1_36' title='bbox 640 1082 729 1123; x_wconf 91' lang='lat' dir='ltr'>omne</span> <span class='ocrx_word' id='word_1_37' title='bbox 747 1072 777 1123; x_wconf 90' lang='lat' dir='ltr'>et</span> <span class='ocrx_word' id='word_1_38' title='bbox 795 1064 873 1124; x_wconf 86' lang='lat' dir='ltr'>vitae</span> <span class='ocrx_word' id='word_1_39' title='bbox 891 1061 1082 1123; x_wconf 83' lang='lat' dir='ltr'>difficillimae</span> <span class='ocrx_word' id='word_1_40' title='bbox 1099 1063 1182 1124; x_wconf 86' lang='lat' dir='ltr'>filum</span> 
     </span>
     <span class='ocr_line' id='line_1_7' title="bbox 284 1162 1180 1243; baseline 0.001 -19"><span class='ocrx_word' id='word_1_41' title='bbox 284 1184 369 1226; x_wconf 88' lang='lat' dir='ltr'>mors</span> <span class='ocrx_word' id='word_1_42' title='bbox 397 1172 500 1243; x_wconf 84' lang='lat' dir='ltr'>optata</span> <span class='ocrx_word' id='word_1_43' title='bbox 527 1167 585 1225; x_wconf 91' lang='lat' dir='ltr'>boc</span> <span class='ocrx_word' id='word_1_44' title='bbox 606 1163 730 1241; x_wconf 79' lang='lat' dir='ltr'>jubilaei</span> <span class='ocrx_word' id='word_1_45' title='bbox 750 1163 810 1224; x_wconf 91' lang='lat' dir='ltr'>mei</span> <span class='ocrx_word' id='word_1_46' title='bbox 831 1162 1077 1243; x_wconf 75' lang='lat' dir='ltr'>quinquagenarii</span> <span class='ocrx_word' id='word_1_47' title='bbox 1097 1163 1180 1225; x_wconf 86' lang='lat' dir='ltr'>initio</span> 
     </span>
     <span class='ocr_line' id='line_1_8' title="bbox 286 1263 1182 1346; baseline -0.002 -20"><span class='ocrx_word' id='word_1_48' title='bbox 286 1267 457 1345; x_wconf 87' lang='lat' dir='ltr'>abrumpat,</span> <span class='ocrx_word' id='word_1_49' title='bbox 486 1286 593 1346; x_wconf 91' lang='lat' dir='ltr'>meque</span> <span class='ocrx_word' id='word_1_50' title='bbox 614 1273 644 1325; x_wconf 90' lang='lat' dir='ltr'>et</span> <span class='ocrx_word' id='word_1_51' title='bbox 663 1263 867 1343; x_wconf 82' lang='lat' dir='ltr'>praesentium</span> <span class='ocrx_word' id='word_1_52' title='bbox 889 1263 1031 1325; x_wconf 87' lang='lat' dir='ltr'>molestiis</span> <span class='ocrx_word' id='word_1_53' title='bbox 1053 1271 1083 1324; x_wconf 90' lang='lat' dir='ltr'>et</span> <span class='ocrx_word' id='word_1_54' title='bbox 1103 1265 1182 1325; x_wconf 85' lang='lat' dir='ltr'>lutu-</span> 
     </span>
     <span class='ocr_line' id='line_1_9' title="bbox 285 1363 1182 1443; baseline -0.004 -14"><span class='ocrx_word' id='word_1_55' title='bbox 285 1388 390 1429; x_wconf 90' lang='lat' dir='ltr'>rorum</span> <span class='ocrx_word' id='word_1_56' title='bbox 411 1366 498 1427; x_wconf 89' lang='lat' dir='ltr'>minis</span> <span class='ocrx_word' id='word_1_57' title='bbox 519 1366 644 1426; x_wconf 79' lang='lat' dir='ltr'>feliciter</span> <span class='ocrx_word' id='word_1_58' title='bbox 666 1364 779 1443; x_wconf 88' lang='lat' dir='ltr'>eripiat.</span> <span class='ocrx_word' id='word_1_59' title='bbox 822 1366 909 1440; x_wconf 83' lang='lat' dir='ltr'>Quae</span> <span class='ocrx_word' id='word_1_60' title='bbox 925 1364 1017 1424; x_wconf 88' lang='lat' dir='ltr'>altera</span> <span class='ocrx_word' id='word_1_61' title='bbox 1034 1363 1104 1423; x_wconf 87' lang='lat' dir='ltr'>anni</span> <span class='ocrx_word' id='word_1_62' title='bbox 1121 1384 1182 1425; x_wconf 91' lang='lat' dir='ltr'>me-</span> 
     </span>
     <span class='ocr_line' id='line_1_10' title="bbox 288 1464 1182 1543; baseline -0.003 -15"><span class='ocrx_word' id='word_1_63' title='bbox 288 1469 384 1529; x_wconf 78' lang='lat' dir='ltr'>dietas</span> <span class='ocrx_word' id='word_1_64' title='bbox 406 1467 473 1542; x_wconf 85' lang='lat' dir='ltr'>luit,</span> <span class='ocrx_word' id='word_1_65' title='bbox 502 1474 565 1527; x_wconf 83' lang='lat' dir='ltr'>tota</span> <span class='ocrx_word' id='word_1_66' title='bbox 585 1467 650 1526; x_wconf 87' lang='lat' dir='ltr'>lere</span> <span class='ocrx_word' id='word_1_67' title='bbox 671 1464 817 1525; x_wconf 87' lang='lat' dir='ltr'>Libitinae</span> <span class='ocrx_word' id='word_1_68' title='bbox 842 1464 950 1524; x_wconf 84' lang='lat' dir='ltr'>officiis</span> <span class='ocrx_word' id='word_1_69' title='bbox 971 1465 1106 1543; x_wconf 88' lang='lat' dir='ltr'>impensa</span> <span class='ocrx_word' id='word_1_70' title='bbox 1127 1473 1182 1541; x_wconf 89' lang='lat' dir='ltr'>est,</span> 
     </span>
     <span class='ocr_line' id='line_1_11' title="bbox 290 1565 1184 1646; baseline 0 -18"><span class='ocrx_word' id='word_1_71' title='bbox 290 1570 367 1628; x_wconf 89' lang='lat' dir='ltr'>adeo</span> <span class='ocrx_word' id='word_1_72' title='bbox 397 1585 453 1646; x_wconf 91' lang='lat' dir='ltr'>per</span> <span class='ocrx_word' id='word_1_73' title='bbox 472 1585 576 1646; x_wconf 84' lang='lat' dir='ltr'>agrum</span> <span class='ocrx_word' id='word_1_74' title='bbox 600 1566 903 1646; x_wconf 78' lang='lat' dir='ltr'>Wiirttembergicum</span> <span class='ocrx_word' id='word_1_75' title='bbox 925 1575 955 1626; x_wconf 92' lang='lat' dir='ltr'>et</span> <span class='ocrx_word' id='word_1_76' title='bbox 974 1565 1112 1626; x_wconf 87' lang='lat' dir='ltr'>viciniam</span> <span class='ocrx_word' id='word_1_77' title='bbox 1133 1567 1184 1628; x_wconf 91' lang='lat' dir='ltr'>lue</span> 
     </span>
     <span class='ocr_line' id='line_1_12' title="bbox 290 1666 1184 1749; baseline -0.002 -19"><span class='ocrx_word' id='word_1_78' title='bbox 290 1669 430 1749; x_wconf 87' lang='lat' dir='ltr'>populari</span> <span class='ocrx_word' id='word_1_79' title='bbox 458 1666 622 1741; x_wconf 90' lang='lat' dir='ltr'>saeviente,</span> <span class='ocrx_word' id='word_1_80' title='bbox 657 1673 691 1726; x_wconf 93' lang='lat' dir='ltr'>ut</span> <span class='ocrx_word' id='word_1_81' title='bbox 718 1669 863 1742; x_wconf 88' lang='lat' dir='ltr'>majorem</span> <span class='ocrx_word' id='word_1_82' title='bbox 889 1667 1041 1728; x_wconf 90' lang='lat' dir='ltr'>homiuum</span> <span class='ocrx_word' id='word_1_83' title='bbox 1068 1674 1184 1746; x_wconf 86' lang='lat' dir='ltr'>partem</span> 
     </span>
     <span class='ocr_line' id='line_1_13' title="bbox 289 1765 1184 1849; baseline -0.002 -18"><span class='ocrx_word' id='word_1_84' title='bbox 289 1769 493 1849; x_wconf 83' lang='lat' dir='ltr'>absumpsisse</span> <span class='ocrx_word' id='word_1_85' title='bbox 510 1768 656 1827; x_wconf 89' lang='lat' dir='ltr'>credatur.</span> <span class='ocrx_word' id='word_1_86' title='bbox 689 1765 769 1826; x_wconf 90' lang='lat' dir='ltr'>Sane</span> <span class='ocrx_word' id='word_1_87' title='bbox 787 1787 823 1827; x_wconf 88' lang='lat' dir='ltr'>ex</span> <span class='ocrx_word' id='word_1_88' title='bbox 840 1767 974 1847; x_wconf 89' lang='lat' dir='ltr'>reliquiis</span> <span class='ocrx_word' id='word_1_89' title='bbox 992 1769 1104 1829; x_wconf 91' lang='lat' dir='ltr'>nostris</span> <span class='ocrx_word' id='word_1_90' title='bbox 1121 1769 1184 1830; x_wconf 83' lang='lat' dir='ltr'>Au-</span> 
     </span>
     <span class='ocr_line' id='line_1_14' title="bbox 289 1866 1184 1952; baseline -0.001 -20"><span class='ocrx_word' id='word_1_91' title='bbox 289 1879 379 1952; x_wconf 82' lang='lat' dir='ltr'>gusto</span> <span class='ocrx_word' id='word_1_92' title='bbox 400 1871 585 1944; x_wconf 80' lang='lat' dir='ltr'>mense173,</span> <span class='ocrx_word' id='word_1_93' title='bbox 608 1866 778 1946; x_wconf 85' lang='lat' dir='ltr'>Septembri</span> <span class='ocrx_word' id='word_1_94' title='bbox 793 1868 862 1942; x_wconf 83' lang='lat'><strong>193,</strong></span> <span class='ocrx_word' id='word_1_95' title='bbox 886 1866 1013 1928; x_wconf 85' lang='lat' dir='ltr'>Octobri</span> <span class='ocrx_word' id='word_1_96' title='bbox 1027 1869 1097 1943; x_wconf 86' lang='grc'><strong>119,</strong></span> <span class='ocrx_word' id='word_1_97' title='bbox 1118 1869 1184 1931; x_wconf 90' lang='grc' dir='ltr'>Νο-</span> 
     </span>
     <span class='ocr_line' id='line_1_15' title="bbox 289 1966 1185 2047; baseline -0.004 -14"><span class='ocrx_word' id='word_1_98' title='bbox 289 1971 405 2033; x_wconf 91' lang='lat' dir='ltr'>vembri</span> <span class='ocrx_word' id='word_1_99' title='bbox 426 1972 466 2029; x_wconf 79' lang='grc'>44</span> <span class='ocrx_word' id='word_1_100' title='bbox 488 1968 599 2047; x_wconf 87' lang='lat' dir='ltr'>capita,</span> <span class='ocrx_word' id='word_1_101' title='bbox 629 1987 665 2028; x_wconf 87' lang='lat' dir='ltr'>ac</span> <span class='ocrx_word' id='word_1_102' title='bbox 691 1967 723 2027; x_wconf 87' lang='lat' dir='ltr'>iu</span> <span class='ocrx_word' id='word_1_103' title='bbox 742 1966 916 2029; x_wconf 90' lang='lat' dir='ltr'>universum</span> <span class='ocrx_word' id='word_1_104' title='bbox 936 1975 1002 2029; x_wconf 88' lang='lat' dir='ltr'>toto</span> <span class='ocrx_word' id='word_1_105' title='bbox 1023 1987 1103 2029; x_wconf 90' lang='lat' dir='ltr'>anno</span> <span class='ocrx_word' id='word_1_106' title='bbox 1124 1972 1185 2031; x_wconf 78' lang='lat'>772</span> 
     </span>
     <span class='ocr_line' id='line_1_16' title="bbox 293 2067 1186 2148; baseline -0.002 -14"><span class='ocrx_word' id='word_1_107' title='bbox 293 2073 413 2134; x_wconf 79' lang='lat' dir='ltr'>circiter</span> <span class='ocrx_word' id='word_1_108' title='bbox 424 2069 562 2143; x_wconf 86' lang='lat' dir='ltr'>confecit,</span> <span class='ocrx_word' id='word_1_109' title='bbox 584 2067 752 2148; x_wconf 90' lang='lat' dir='ltr'>acciditque</span> <span class='ocrx_word' id='word_1_110' title='bbox 766 2068 1019 2146; x_wconf 85' lang='lat' dir='ltr'>perincommode,</span> <span class='ocrx_word' id='word_1_111' title='bbox 1041 2075 1074 2128; x_wconf 85' lang='lat' dir='ltr'>ut</span> <span class='ocrx_word' id='word_1_112' title='bbox 1088 2075 1186 2132; x_wconf 88' lang='lat' dir='ltr'>trans-</span> 
     </span>
     <span class='ocr_line' id='line_1_17' title="bbox 291 2167 1187 2250; baseline -0.002 -16"><span class='ocrx_word' id='word_1_113' title='bbox 291 2175 353 2234; x_wconf 87' lang='lat' dir='ltr'>lato</span> <span class='ocrx_word' id='word_1_114' title='bbox 381 2171 498 2250; x_wconf 79' lang='lat' dir='ltr'>collega</span> <span class='ocrx_word' id='word_1_115' title='bbox 524 2169 679 2245; x_wconf 86' lang='lat' dir='ltr'>Greiusio,</span> <span class='ocrx_word' id='word_1_116' title='bbox 705 2187 763 2230; x_wconf 89' lang='lat' dir='ltr'>nec</span> <span class='ocrx_word' id='word_1_117' title='bbox 790 2167 830 2229; x_wconf 91' lang='lat' dir='ltr'>ob</span> <span class='ocrx_word' id='word_1_118' title='bbox 851 2169 1006 2249; x_wconf 89' lang='lat' dir='ltr'>penuriam</span> <span class='ocrx_word' id='word_1_119' title='bbox 1033 2169 1187 2232; x_wconf 89' lang='lat' dir='ltr'>ministerii</span> 
     </span>
     <span class='ocr_line' id='line_1_18' title="bbox 291 2269 1187 2345; baseline -0.003 -10"><span class='ocrx_word' id='word_1_120' title='bbox 291 2291 470 2336; x_wconf 87' lang='lat' dir='ltr'>successore</span> <span class='ocrx_word' id='word_1_121' title='bbox 484 2271 617 2345; x_wconf 86' lang='lat' dir='ltr'>invento,</span> <span class='ocrx_word' id='word_1_122' title='bbox 639 2289 717 2331; x_wconf 90' lang='lat' dir='ltr'>onus</span> <span class='ocrx_word' id='word_1_123' title='bbox 735 2289 824 2330; x_wconf 91' lang='lat' dir='ltr'>omne</span> <span class='ocrx_word' id='word_1_124' title='bbox 842 2271 973 2332; x_wconf 90' lang='lat' dir='ltr'>muneris</span> <span class='ocrx_word' id='word_1_125' title='bbox 994 2269 1187 2332; x_wconf 88' lang='lat' dir='ltr'>ecclesiastici</span> 
     </span>
     <span class='ocr_line' id='line_1_19' title="bbox 294 2371 1186 2451; baseline -0.001 -18"><span class='ocrx_word' id='word_1_126' title='bbox 294 2374 364 2434; x_wconf 80' lang='lat' dir='ltr'>milri</span> <span class='ocrx_word' id='word_1_127' title='bbox 386 2391 441 2451; x_wconf 92' lang='lat' dir='ltr'>per</span> <span class='ocrx_word' id='word_1_128' title='bbox 462 2371 670 2451; x_wconf 86' lang='lat' dir='ltr'>quatrimestre</span> <span class='ocrx_word' id='word_1_129' title='bbox 688 2371 909 2450; x_wconf 88' lang='lat' dir='ltr'>propemodum</span> <span class='ocrx_word' id='word_1_130' title='bbox 930 2371 1099 2432; x_wconf 87' lang='lat' dir='ltr'>incubuerit</span> <span class='ocrx_word' id='word_1_131' title='bbox 1119 2393 1186 2432; x_wconf 89' lang='lat' dir='ltr'>eum</span> 
     </span>
     <span class='ocr_line' id='line_1_20' title="bbox 292 2471 1186 2535; baseline 0.001 -1"><span class='ocrx_word' id='word_1_132' title='bbox 292 2474 420 2534; x_wconf 84' lang='lat' dir='ltr'>adversa</span> <span class='ocrx_word' id='word_1_133' title='bbox 446 2471 561 2532; x_wconf 85' lang='lat' dir='ltr'>interim</span> <span class='ocrx_word' id='word_1_134' title='bbox 589 2477 620 2531; x_wconf 89' lang='lat' dir='ltr'>et</span> <span class='ocrx_word' id='word_1_135' title='bbox 645 2471 772 2532; x_wconf 90' lang='lat' dir='ltr'>molesta</span> <span class='ocrx_word' id='word_1_136' title='bbox 799 2471 970 2533; x_wconf 85' lang='lat' dir='ltr'>valetudine</span> <span class='ocrx_word' id='word_1_137' title='bbox 995 2471 1186 2535; x_wconf 85' lang='lat' dir='ltr'>conflictanti.</span> 
     </span>
     <span class='ocr_line' id='line_1_21' title="bbox 294 2572 1189 2653; baseline 0.001 -20"><span class='ocrx_word' id='word_1_138' title='bbox 294 2574 365 2650; x_wconf 85' lang='lat' dir='ltr'>Quo</span> <span class='ocrx_word' id='word_1_139' title='bbox 387 2572 547 2634; x_wconf 86' lang='lat' dir='ltr'>interstitio</span> <span class='ocrx_word' id='word_1_140' title='bbox 569 2573 631 2632; x_wconf 80' lang='grc'><strong>431)</strong></span> <span class='ocrx_word' id='word_1_141' title='bbox 652 2573 798 2653; x_wconf 85' lang='lat' dir='ltr'>exequiae</span> <span class='ocrx_word' id='word_1_142' title='bbox 819 2573 951 2648; x_wconf 87' lang='lat' dir='ltr'>habitae,</span> <span class='ocrx_word' id='word_1_143' title='bbox 973 2573 1069 2652; x_wconf 90' lang='lat' dir='ltr'>iisque</span> <span class='ocrx_word' id='word_1_144' title='bbox 1092 2574 1189 2634; x_wconf 87' lang='lat' dir='ltr'>conti-</span> 
     </span>
     <span class='ocr_line' id='line_1_22' title="bbox 293 2671 1188 2735; baseline 0.001 -2"><span class='ocrx_word' id='word_1_145' title='bbox 293 2692 354 2733; x_wconf 87' lang='lat' dir='ltr'>nua</span> <span class='ocrx_word' id='word_1_146' title='bbox 380 2672 458 2733; x_wconf 92' lang='lat' dir='ltr'>serie</span> <span class='ocrx_word' id='word_1_147' title='bbox 482 2673 524 2735; x_wconf 79' lang='lat'>85</span> <span class='ocrx_word' id='word_1_148' title='bbox 545 2691 699 2734; x_wconf 89' lang='lat' dir='ltr'>sermones</span> <span class='ocrx_word' id='word_1_149' title='bbox 720 2671 863 2734; x_wconf 79' lang='lat' dir='ltr'>funebres</span> <span class='ocrx_word' id='word_1_150' title='bbox 885 2673 953 2734; x_wconf 89' lang='lat' dir='ltr'>dati.</span> <span class='ocrx_word' id='word_1_151' title='bbox 989 2673 1123 2733; x_wconf 88' lang='lat' dir='ltr'>Tandem</span> <span class='ocrx_word' id='word_1_152' title='bbox 1144 2675 1188 2734; x_wconf 84' lang='lat' dir='ltr'>ie-</span> 
     </span>
     <span class='ocr_line' id='line_1_23' title="bbox 295 2771 1189 2835; baseline 0.001 -1"><span class='ocrx_word' id='word_1_153' title='bbox 295 2773 348 2834; x_wconf 89' lang='lat' dir='ltr'>riis</span> <span class='ocrx_word' id='word_1_154' title='bbox 377 2771 510 2835; x_wconf 86' lang='lat' dir='ltr'>Simonis</span> <span class='ocrx_word' id='word_1_155' title='bbox 537 2782 567 2835; x_wconf 87' lang='lat' dir='ltr'>et</span> <span class='ocrx_word' id='word_1_156' title='bbox 592 2775 688 2835; x_wconf 78' lang='lat' dir='ltr'>dudae</span> <span class='ocrx_word' id='word_1_157' title='bbox 716 2773 817 2835; x_wconf 91' lang='lat' dir='ltr'>socius</span> <span class='ocrx_word' id='word_1_158' title='bbox 845 2774 931 2835; x_wconf 86' lang='lat' dir='ltr'>datus</span> <span class='ocrx_word' id='word_1_159' title='bbox 955 2773 1024 2834; x_wconf 81' lang='lat' dir='ltr'>lob.</span> <span class='ocrx_word' id='word_1_160' title='bbox 1051 2772 1189 2835; x_wconf 82' lang='lat' dir='ltr'>Andreas</span> 
     </span>
     <span class='ocr_line' id='line_1_24' title="bbox 294 2871 1189 2955; baseline 0.001 -20"><span class='ocrx_word' id='word_1_161' title='bbox 294 2874 531 2953; x_wconf 78' lang='lat' dir='ltr'>Beutelspacber</span> <span class='ocrx_word' id='word_1_162' title='bbox 551 2876 602 2955; x_wconf 90' lang='lat' dir='ltr'>qui</span> <span class='ocrx_word' id='word_1_163' title='bbox 622 2893 685 2936; x_wconf 90' lang='lat' dir='ltr'>uuo</span> <span class='ocrx_word' id='word_1_164' title='bbox 697 2881 812 2947; x_wconf 86' lang='lat' dir='ltr'>tantum</span> <span class='ocrx_word' id='word_1_165' title='bbox 828 2871 1096 2951; x_wconf 81' lang='lat' dir='ltr'>mensesuperl&#39;uit,</span> <span class='ocrx_word' id='word_1_166' title='bbox 1116 2893 1189 2953; x_wconf 92' lang='lat' dir='ltr'>pro-</span> 
     </span>
     <span class='ocr_line' id='line_1_25' title="bbox 295 2973 1191 3054; baseline 0.001 -19"><span class='ocrx_word' id='word_1_167' title='bbox 295 2995 370 3054; x_wconf 86' lang='lat' dir='ltr'>pera</span> <span class='ocrx_word' id='word_1_168' title='bbox 389 2983 485 3036; x_wconf 90' lang='lat' dir='ltr'>morte</span> <span class='ocrx_word' id='word_1_169' title='bbox 507 2976 663 3049; x_wconf 86' lang='lat' dir='ltr'>extinctus,</span> <span class='ocrx_word' id='word_1_170' title='bbox 685 2973 923 3053; x_wconf 85' lang='lat' dir='ltr'>substitutusque</span> <span class='ocrx_word' id='word_1_171' title='bbox 944 2973 1088 3053; x_wconf 89' lang='lat' dir='ltr'>opinione</span> <span class='ocrx_word' id='word_1_172' title='bbox 1103 2974 1191 3036; x_wconf 88' lang='lat' dir='ltr'>citius</span> 
     </span>
     <span class='ocr_line' id='line_1_26' title="bbox 295 3075 1191 3156; baseline -0.001 -19"><span class='ocrx_word' id='word_1_173' title='bbox 295 3083 342 3137; x_wconf 88' lang='lat' dir='ltr'>est</span> <span class='ocrx_word' id='word_1_174' title='bbox 367 3075 496 3136; x_wconf 85' lang='lat' dir='ltr'>Jobaun.</span> <span class='ocrx_word' id='word_1_175' title='bbox 512 3077 617 3138; x_wconf 83' lang='lat' dir='ltr'>Jacob.</span> <span class='ocrx_word' id='word_1_176' title='bbox 641 3075 797 3155; x_wconf 85' lang='lat' dir='ltr'>Spindler,</span> <span class='ocrx_word' id='word_1_177' title='bbox 822 3075 884 3152; x_wconf 88' lang='lat' dir='ltr'>jam</span> <span class='ocrx_word' id='word_1_178' title='bbox 912 3075 1036 3136; x_wconf 88' lang='lat' dir='ltr'>remissa</span> <span class='ocrx_word' id='word_1_179' title='bbox 1062 3075 1191 3156; x_wconf 80' lang='lat' dir='ltr'>contagii</span> 
     </span>
     <span class='ocr_line' id='line_1_27' title="bbox 248 3175 1192 3261; baseline 0 -25"><span class='ocrx_word' id='word_1_180' title='bbox 248 3257 251 3261; x_wconf 9' lang='grc' dir='ltr'><strong><em>ἵ</em></strong></span> <span class='ocrx_word' id='word_1_181' title='bbox 294 3176 454 3251; x_wconf 86' lang='lat' dir='ltr'>violentia,</span> <span class='ocrx_word' id='word_1_182' title='bbox 482 3183 513 3236; x_wconf 89' lang='lat' dir='ltr'>et</span> <span class='ocrx_word' id='word_1_183' title='bbox 542 3176 608 3255; x_wconf 92' lang='lat' dir='ltr'>ipse</span> <span class='ocrx_word' id='word_1_184' title='bbox 635 3176 739 3255; x_wconf 86' lang='lat' dir='ltr'>paucis</span> <span class='ocrx_word' id='word_1_185' title='bbox 768 3175 874 3235; x_wconf 90' lang='lat' dir='ltr'>diebus</span> <span class='ocrx_word' id='word_1_186' title='bbox 903 3175 1060 3237; x_wconf 83' lang='lat' dir='ltr'>extinctus.</span> <span class='ocrx_word' id='word_1_187' title='bbox 1104 3179 1192 3252; x_wconf 90' lang='lat' dir='ltr'>Quae</span> 
     </span>
     <span class='ocr_line' id='line_1_28' title="bbox 296 3276 1189 3357; baseline -0.003 -19"><span class='ocrx_word' id='word_1_188' title='bbox 296 3286 413 3357; x_wconf 78' lang='lat' dir='ltr'>strages</span> <span class='ocrx_word' id='word_1_189' title='bbox 438 3295 576 3336; x_wconf 90' lang='lat' dir='ltr'>meorum</span> <span class='ocrx_word' id='word_1_190' title='bbox 604 3277 667 3337; x_wconf 85' lang='lat' dir='ltr'>sive</span> <span class='ocrx_word' id='word_1_191' title='bbox 693 3276 932 3356; x_wconf 88' lang='lat' dir='ltr'>propinquorum</span> <span class='ocrx_word' id='word_1_192' title='bbox 961 3277 1024 3337; x_wconf 91' lang='lat' dir='ltr'>sive</span> <span class='ocrx_word' id='word_1_193' title='bbox 1051 3295 1189 3337; x_wconf 87' lang='lat' dir='ltr'>necessa-</span> 
     </span>
    </p>
   </div>
   <div class='ocr_carea' id='block_1_3' title="bbox 295 3373 1189 3456">
    <p class='ocr_par' dir='ltr' id='par_1_3' title="bbox 295 3373 1189 3456">
     <span class='ocr_line' id='line_1_29' title="bbox 295 3373 1189 3456; baseline -0.004 -17"><span class='ocrx_word' id='word_1_194' title='bbox 295 3380 411 3440; x_wconf 89' lang='lat' dir='ltr'>riorum</span> <span class='ocrx_word' id='word_1_195' title='bbox 432 3377 511 3437; x_wconf 86' lang='lat' dir='ltr'>edita</span> <span class='ocrx_word' id='word_1_196' title='bbox 532 3386 593 3451; x_wconf 86' lang='lat' dir='ltr'>est,</span> <span class='ocrx_word' id='word_1_197' title='bbox 615 3395 651 3436; x_wconf 89' lang='lat' dir='ltr'>ea</span> <span class='ocrx_word' id='word_1_198' title='bbox 671 3376 722 3436; x_wconf 87' lang='lat' dir='ltr'>vix</span> <span class='ocrx_word' id='word_1_199' title='bbox 737 3375 904 3456; x_wconf 84' lang='lat' dir='ltr'>catalogum</span> <span class='ocrx_word' id='word_1_200' title='bbox 921 3373 1040 3454; x_wconf 56' lang='lat' dir='ltr'>facist).</span> <span class='ocrx_word' id='word_1_201' title='bbox 1073 3376 1189 3437; x_wconf 86' lang='lat' dir='ltr'>Recen-</span> 
     </span>
    </p>
   </div>
   <div class='ocr_carea' id='block_1_4' title="bbox 365 3587 761 3658">
    <p class='ocr_par' dir='ltr' id='par_1_4' title="bbox 365 3587 761 3658">
     <span class='ocr_line' id='line_1_30' title="bbox 365 3587 761 3658; baseline 0 -16"><span class='ocrx_word' id='word_1_202' title='bbox 365 3591 391 3658; x_wconf 65' lang='grc'>1)</span> <span class='ocrx_word' id='word_1_203' title='bbox 408 3588 476 3643; x_wconf 75' lang='lat' dir='ltr'>cod,</span> <span class='ocrx_word' id='word_1_204' title='bbox 494 3591 523 3642; x_wconf 82' lang='lat' dir='ltr'>A.</span> <span class='ocrx_word' id='word_1_205' title='bbox 545 3587 576 3642; x_wconf 89' lang='lat' dir='ltr'>B.</span> <span class='ocrx_word' id='word_1_206' title='bbox 594 3593 622 3644; x_wconf 83' lang='lat' dir='ltr'>ct</span> <span class='ocrx_word' id='word_1_207' title='bbox 639 3605 675 3645; x_wconf 76' lang='lat' dir='ltr'>a:</span> <span class='ocrx_word' id='word_1_208' title='bbox 701 3589 761 3644; x_wconf 88' lang='lat' dir='ltr'>lert.</span> 
     </span>
    </p>
   </div>
   <div class='ocr_carea' id='block_1_5' title="bbox 0 0 1540 4409">
    <p class='ocr_par' dir='ltr' id='par_1_5' title="bbox 0 0 1540 4409">
     <span class='ocr_line' id='line_1_31' title="bbox 0 0 1540 4409; baseline 0 0"><span class='ocrx_word' id='word_1_209' title='bbox 0 0 1540 4409; x_wconf 95' lang='lat' dir='ltr'> </span> 
     </span>
    </p>
   </div>
  </div>
 </body>
</html>
