<?xml version="1.0" encoding="UTF-8"?>
<!DOCTYPE html PUBLIC "-//W3C//DTD XHTML 1.0 Transitional//EN"
    "http://www.w3.org/TR/xhtml1/DTD/xhtml1-transitional.dtd">
<html xmlns="http://www.w3.org/1999/xhtml" xml:lang="en" lang="en">
 <head>
  <title>
</title>
<meta http-equiv="Content-Type" content="text/html;charset=utf-8" />
  <meta name='ocr-system' content='tesseract 3.04.00' />
  <meta name='ocr-capabilities' content='ocr_page ocr_carea ocr_par ocr_line ocrx_word'/>
</head>
<body>
  <div class='ocr_page' id='page_1' title='image "./ioannisvalentin00andrgoog_0071.png"; bbox 0 0 3025 4409; ppageno 0'>
   <div class='ocr_carea' id='block_1_1' title="bbox 543 471 1173 554">
    <p class='ocr_par' dir='ltr' id='par_1_1' title="bbox 543 471 1173 554">
     <span class='ocr_line' id='line_1_1' title="bbox 543 471 1173 554; baseline 0.002 -17"><span class='ocrx_word' id='word_1_1' title='bbox 543 482 697 537; x_wconf 69' lang='lat' dir='ltr'><strong>munuum</strong></span> <span class='ocrx_word' id='word_1_2' title='bbox 716 471 907 553; x_wconf 63' lang='lat' dir='ltr'><strong>talemense,</strong></span> <span class='ocrx_word' id='word_1_3' title='bbox 1133 487 1173 554; x_wconf 78' lang='lat' dir='ltr'><strong>dt</strong></span> 
     </span>
    </p>
   </div>
   <div class='ocr_carea' id='block_1_2' title="bbox 268 641 1179 923">
    <p class='ocr_par' dir='ltr' id='par_1_2' title="bbox 268 641 1179 923">
     <span class='ocr_line' id='line_1_2' title="bbox 271 641 1171 720; baseline 0.004 -18"><span class='ocrx_word' id='word_1_4' title='bbox 271 641 424 702; x_wconf 77' lang='lat' dir='ltr'><strong>subtristis</strong></span> <span class='ocrx_word' id='word_1_5' title='bbox 446 641 570 701; x_wconf 84' lang='lat' dir='ltr'><strong>intuitus</strong></span> <span class='ocrx_word' id='word_1_6' title='bbox 593 646 670 715; x_wconf 86' lang='lat' dir='ltr'><strong>erat,</strong></span> <span class='ocrx_word' id='word_1_7' title='bbox 693 660 761 701; x_wconf 93' lang='lat' dir='ltr'><strong>cnm</strong></span> <span class='ocrx_word' id='word_1_8' title='bbox 781 641 1077 720; x_wconf 79' lang='lat' dir='ltr'><strong>magistratusurbi&#39;s</strong></span> <span class='ocrx_word' id='word_1_9' title='bbox 1098 662 1171 705; x_wconf 90' lang='lat' dir='ltr'><strong>con-</strong></span> 
     </span>
     <span class='ocr_line' id='line_1_3' title="bbox 269 742 1171 825; baseline 0.007 -26"><span class='ocrx_word' id='word_1_10' title='bbox 269 743 384 803; x_wconf 87' lang='lat' dir='ltr'><strong>vocatis</strong></span> <span class='ocrx_word' id='word_1_11' title='bbox 407 742 459 821; x_wconf 86' lang='lat' dir='ltr'><strong>qni</strong></span> <span class='ocrx_word' id='word_1_12' title='bbox 484 742 686 802; x_wconf 87' lang='lat' dir='ltr'><strong>accurrissent</strong></span> <span class='ocrx_word' id='word_1_13' title='bbox 707 743 875 804; x_wconf 77' lang='lat' dir='ltr'><strong>humaniter</strong></span> <span class='ocrx_word' id='word_1_14' title='bbox 895 763 951 821; x_wconf 88' lang='lat' dir='ltr'><strong>pro</strong></span> <span class='ocrx_word' id='word_1_15' title='bbox 973 743 1090 821; x_wconf 81' lang='lat' dir='ltr'><strong>pietate</strong></span> <span class='ocrx_word' id='word_1_16' title='bbox 1103 764 1171 825; x_wconf 82' lang='lat' dir='ltr'><strong>gra-</strong></span> 
     </span>
     <span class='ocr_line' id='line_1_4' title="bbox 268 842 1179 923; baseline 0.007 -22"><span class='ocrx_word' id='word_1_17' title='bbox 268 842 327 903; x_wconf 88' lang='lat' dir='ltr'><strong>tias</strong></span> <span class='ocrx_word' id='word_1_18' title='bbox 355 842 416 921; x_wconf 84' lang='lat' dir='ltr'><strong>egit</strong></span> <span class='ocrx_word' id='word_1_19' title='bbox 445 851 475 901; x_wconf 92' lang='lat' dir='ltr'><strong>et</strong></span> <span class='ocrx_word' id='word_1_20' title='bbox 507 860 585 919; x_wconf 91' lang='lat' dir='ltr'><strong>pane</strong></span> <span class='ocrx_word' id='word_1_21' title='bbox 616 842 748 922; x_wconf 89' lang='lat' dir='ltr'><strong>vinoque</strong></span> <span class='ocrx_word' id='word_1_22' title='bbox 780 844 925 916; x_wconf 87' lang='lat' dir='ltr'><strong>reiectos,</strong></span> <span class='ocrx_word' id='word_1_23' title='bbox 956 864 1034 923; x_wconf 90' lang='lat' dir='ltr'><strong>quos</strong></span> <span class='ocrx_word' id='word_1_24' title='bbox 1062 846 1179 923; x_wconf 79' lang='lat' dir='ltr'><strong>procul</strong></span> 
     </span>
    </p>
   </div>
   <div class='ocr_carea' id='block_1_3' title="bbox 266 941 1189 3623">
    <p class='ocr_par' dir='ltr' id='par_1_3' title="bbox 266 941 1189 3623">
     <span class='ocr_line' id='line_1_5' title="bbox 268 941 1169 1024; baseline 0.007 -23"><span class='ocrx_word' id='word_1_25' title='bbox 268 942 390 1002; x_wconf 88' lang='lat' dir='ltr'><strong>venisse</strong></span> <span class='ocrx_word' id='word_1_26' title='bbox 412 941 583 1017; x_wconf 76' lang='lat' dir='ltr'><strong>constabat,</strong></span> <span class='ocrx_word' id='word_1_27' title='bbox 605 942 724 1017; x_wconf 82' lang='lat' dir='ltr'><strong>dimisit,</strong></span> <span class='ocrx_word' id='word_1_28' title='bbox 746 944 982 1024; x_wconf 84' lang='lat' dir='ltr'><strong>propinquiores</strong></span> <span class='ocrx_word' id='word_1_29' title='bbox 1003 946 1040 1005; x_wconf 90' lang='lat' dir='ltr'><strong>ad</strong></span> <span class='ocrx_word' id='word_1_30' title='bbox 1061 945 1169 1007; x_wconf 89' lang='lat' dir='ltr'><strong>restin-</strong></span> 
     </span>
     <span class='ocr_line' id='line_1_6' title="bbox 267 1042 1170 1126; baseline 0.003 -22"><span class='ocrx_word' id='word_1_31' title='bbox 267 1044 407 1122; x_wconf 84' lang='lat' dir='ltr'><strong>guendos</strong></span> <span class='ocrx_word' id='word_1_32' title='bbox 429 1042 589 1103; x_wconf 89' lang='lat' dir='ltr'><strong>etiamnum</strong></span> <span class='ocrx_word' id='word_1_33' title='bbox 610 1044 750 1105; x_wconf 87' lang='lat' dir='ltr'><strong>ardentes</strong></span> <span class='ocrx_word' id='word_1_34' title='bbox 775 1046 862 1105; x_wconf 79' lang='lat' dir='ltr'><strong>focos</strong></span> <span class='ocrx_word' id='word_1_35' title='bbox 884 1046 1034 1120; x_wconf 86' lang='lat' dir='ltr'><strong>exoravit,</strong></span> <span class='ocrx_word' id='word_1_36' title='bbox 1061 1044 1170 1126; x_wconf 87' lang='lat' dir='ltr'><strong>quibus</strong></span> 
     </span>
     <span class='ocr_line' id='line_1_7' title="bbox 268 1143 1170 1225; baseline 0.007 -22"><span class='ocrx_word' id='word_1_37' title='bbox 268 1145 386 1223; x_wconf 85' lang='lat' dir='ltr'><strong>integra</strong></span> <span class='ocrx_word' id='word_1_38' title='bbox 408 1144 473 1203; x_wconf 89' lang='lat' dir='ltr'><strong>dies</strong></span> <span class='ocrx_word' id='word_1_39' title='bbox 494 1143 534 1203; x_wconf 91' lang='lat' dir='ltr'><strong>ita</strong></span> <span class='ocrx_word' id='word_1_40' title='bbox 556 1150 601 1203; x_wconf 88' lang='lat' dir='ltr'><strong>est</strong></span> <span class='ocrx_word' id='word_1_41' title='bbox 621 1144 793 1223; x_wconf 87' lang='lat' dir='ltr'><strong>absumpta,</strong></span> <span class='ocrx_word' id='word_1_42' title='bbox 820 1153 854 1206; x_wconf 92' lang='lat' dir='ltr'><strong>ut</strong></span> <span class='ocrx_word' id='word_1_43' title='bbox 875 1146 925 1205; x_wconf 89' lang='lat' dir='ltr'><strong>vix</strong></span> <span class='ocrx_word' id='word_1_44' title='bbox 953 1148 1170 1225; x_wconf 77' lang='lat' dir='ltr'><strong>operae&#39;l&#39;ab&#39;b-</strong></span> 
     </span>
     <span class='ocr_line' id='line_1_8' title="bbox 270 1244 1171 1324; baseline 0.009 -22"><span class='ocrx_word' id='word_1_45' title='bbox 270 1262 397 1324; x_wconf 90' lang='lat' dir='ltr'><strong>rumque</strong></span> <span class='ocrx_word' id='word_1_46' title='bbox 418 1244 546 1323; x_wconf 93' lang='lat' dir='ltr'><strong>pretium</strong></span> <span class='ocrx_word' id='word_1_47' title='bbox 568 1246 747 1323; x_wconf 90' lang='lat' dir='ltr'><strong>apparuerit.</strong></span> <span class='ocrx_word' id='word_1_48' title='bbox 796 1247 873 1306; x_wconf 91' lang='lat' dir='ltr'><strong>llinc</strong></span> <span class='ocrx_word' id='word_1_49' title='bbox 894 1244 1171 1311; x_wconf 68' lang='lat' dir='ltr'><strong>excubiadconattl</strong></span> 
     </span>
     <span class='ocr_line' id='line_1_9' title="bbox 270 1344 1172 1425; baseline 0.008 -21"><span class='ocrx_word' id='word_1_50' title='bbox 270 1350 367 1419; x_wconf 87' lang='lat' dir='ltr'><strong>tutae,</strong></span> <span class='ocrx_word' id='word_1_51' title='bbox 396 1344 505 1425; x_wconf 89' lang='lat' dir='ltr'><strong>quibus</strong></span> <span class='ocrx_word' id='word_1_52' title='bbox 531 1346 698 1406; x_wconf 86' lang='lat' dir='ltr'><strong>favillarum</strong></span> <span class='ocrx_word' id='word_1_53' title='bbox 726 1348 826 1406; x_wconf 88' lang='lat' dir='ltr'><strong>acervi</strong></span> <span class='ocrx_word' id='word_1_54' title='bbox 848 1367 938 1407; x_wconf 90' lang='lat' dir='ltr'><strong>curae</strong></span> <span class='ocrx_word' id='word_1_55' title='bbox 960 1357 1074 1424; x_wconf 86' lang='lat' dir='ltr'><strong>essent,</strong></span> <span class='ocrx_word' id='word_1_56' title='bbox 1104 1350 1172 1411; x_wconf 85' lang='lat' dir='ltr'><strong>et&#39;a</strong></span> 
     </span>
     <span class='ocr_line' id='line_1_10' title="bbox 271 1445 1171 1525; baseline 0.01 -22"><span class='ocrx_word' id='word_1_57' title='bbox 271 1445 377 1507; x_wconf 90' lang='lat' dir='ltr'><strong>vicinis</strong></span> <span class='ocrx_word' id='word_1_58' title='bbox 399 1445 519 1525; x_wconf 89' lang='lat' dir='ltr'><strong>oppidis</strong></span> <span class='ocrx_word' id='word_1_59' title='bbox 541 1466 578 1505; x_wconf 88' lang='lat' dir='ltr'><strong>ac</strong></span> <span class='ocrx_word' id='word_1_60' title='bbox 600 1446 849 1508; x_wconf 85' lang='lat' dir='ltr'><strong>illanlbronnensi</strong></span> <span class='ocrx_word' id='word_1_61' title='bbox 871 1448 1021 1510; x_wconf 91' lang='lat' dir='ltr'><strong>coenobio</strong></span> <span class='ocrx_word' id='word_1_62' title='bbox 1035 1450 1171 1512; x_wconf 89' lang='lat' dir='ltr'><strong>homines</strong></span> 
     </span>
     <span class='ocr_line' id='line_1_11' title="bbox 271 1542 1188 1629; baseline 0.007 -24"><span class='ocrx_word' id='word_1_63' title='bbox 271 1566 340 1607; x_wconf 89' lang='lat' dir='ltr'><strong>cum</strong></span> <span class='ocrx_word' id='word_1_64' title='bbox 355 1546 448 1606; x_wconf 90' lang='lat' dir='ltr'><strong>carris</strong></span> <span class='ocrx_word' id='word_1_65' title='bbox 464 1547 612 1623; x_wconf 83' lang='lat' dir='ltr'><strong>submissi,</strong></span> <span class='ocrx_word' id='word_1_66' title='bbox 636 1568 765 1629; x_wconf 87' lang='lat' dir='ltr'><strong>quornm</strong></span> <span class='ocrx_word' id='word_1_67' title='bbox 782 1549 946 1610; x_wconf 89' lang='lat' dir='ltr'><strong>ministerio</strong></span> <span class='ocrx_word' id='word_1_68' title='bbox 959 1550 1081 1611; x_wconf 84' lang='lat' dir='ltr'><strong>titiones</strong></span> <span class='ocrx_word' id='word_1_69' title='bbox 1097 1542 1188 1611; x_wconf 89' lang='lat' dir='ltr'><strong>urbe</strong></span> 
     </span>
     <span class='ocr_line' id='line_1_12' title="bbox 272 1645 1170 1727; baseline 0.009 -23"><span class='ocrx_word' id='word_1_70' title='bbox 272 1645 459 1708; x_wconf 82' lang='lat' dir='ltr'><strong>efferrentur.</strong></span> <span class='ocrx_word' id='word_1_71' title='bbox 501 1648 671 1727; x_wconf 81' lang='lat' dir='ltr'><strong>hdapertae</strong></span> <span class='ocrx_word' id='word_1_72' title='bbox 692 1654 762 1708; x_wconf 90' lang='lat' dir='ltr'><strong>sunt</strong></span> <span class='ocrx_word' id='word_1_73' title='bbox 777 1668 812 1707; x_wconf 91' lang='lat' dir='ltr'><strong>ea</strong></span> <span class='ocrx_word' id='word_1_74' title='bbox 826 1649 874 1708; x_wconf 90' lang='lat' dir='ltr'><strong>die</strong></span> <span class='ocrx_word' id='word_1_75' title='bbox 888 1651 1052 1712; x_wconf 81' lang='lat' dir='ltr'><strong>nonnullae</strong></span> <span class='ocrx_word' id='word_1_76' title='bbox 1066 1647 1170 1726; x_wconf 74' lang='lat' dir='ltr'><strong>cellae,</strong></span> 
     </span>
     <span class='ocr_line' id='line_1_13' title="bbox 271 1748 1170 1831; baseline 0.007 -24"><span class='ocrx_word' id='word_1_77' title='bbox 271 1748 384 1807; x_wconf 85' lang='lat' dir='ltr'><strong>etvini</strong></span> <span class='ocrx_word' id='word_1_78' title='bbox 406 1748 564 1809; x_wconf 83' lang='lat' dir='ltr'><strong>etiamnum</strong></span> <span class='ocrx_word' id='word_1_79' title='bbox 587 1750 731 1809; x_wconf 85' lang='lat' dir='ltr'><strong>ferventis</strong></span> <span class='ocrx_word' id='word_1_80' title='bbox 753 1750 832 1809; x_wconf 88' lang='lat' dir='ltr'><strong>haud</strong></span> <span class='ocrx_word' id='word_1_81' title='bbox 854 1749 1019 1825; x_wconf 91' lang='lat' dir='ltr'><strong>modicum,</strong></span> <span class='ocrx_word' id='word_1_82' title='bbox 1040 1772 1077 1811; x_wconf 87' lang='lat' dir='ltr'><strong>ae</strong></span> <span class='ocrx_word' id='word_1_83' title='bbox 1098 1772 1170 1831; x_wconf 88' lang='lat' dir='ltr'><strong>sup-</strong></span> 
     </span>
     <span class='ocr_line' id='line_1_14' title="bbox 270 1848 1169 1929; baseline 0.002 -20"><span class='ocrx_word' id='word_1_84' title='bbox 270 1848 464 1927; x_wconf 88' lang='lat' dir='ltr'><strong>pellectilium</strong></span> <span class='ocrx_word' id='word_1_85' title='bbox 497 1870 558 1910; x_wconf 93' lang='lat' dir='ltr'><strong>non</strong></span> <span class='ocrx_word' id='word_1_86' title='bbox 593 1849 830 1911; x_wconf 88' lang='lat' dir='ltr'><strong>contemnendus</strong></span> <span class='ocrx_word' id='word_1_87' title='bbox 863 1868 1006 1910; x_wconf 86' lang='lat' dir='ltr'><strong>numerus</strong></span> <span class='ocrx_word' id='word_1_88' title='bbox 1038 1858 1169 1929; x_wconf 87' lang='lat' dir='ltr'><strong>ereptus.</strong></span> 
     </span>
     <span class='ocr_line' id='line_1_15' title="bbox 271 1948 1171 2022; baseline 0.002 -13"><span class='ocrx_word' id='word_1_89' title='bbox 271 1950 333 2010; x_wconf 89' lang='lat' dir='ltr'><strong>Sed</strong></span> <span class='ocrx_word' id='word_1_90' title='bbox 357 1958 386 2010; x_wconf 89' lang='lat' dir='ltr'><strong>et</strong></span> <span class='ocrx_word' id='word_1_91' title='bbox 404 1970 476 2011; x_wconf 86' lang='lat' dir='ltr'><strong>vasa</strong></span> <span class='ocrx_word' id='word_1_92' title='bbox 498 1970 534 2010; x_wconf 88' lang='lat' dir='ltr'><strong>ex</strong></span> <span class='ocrx_word' id='word_1_93' title='bbox 557 1950 647 2010; x_wconf 88' lang='lat' dir='ltr'><strong>variis</strong></span> <span class='ocrx_word' id='word_1_94' title='bbox 674 1948 815 2022; x_wconf 78' lang='lat' dir='ltr'><strong>metalliS,</strong></span> <span class='ocrx_word' id='word_1_95' title='bbox 844 1956 908 2009; x_wconf 88' lang='lat' dir='ltr'><strong>tum</strong></span> <span class='ocrx_word' id='word_1_96' title='bbox 932 1955 1053 2010; x_wconf 80' lang='lat' dir='ltr'><strong>moneta</strong></span> <span class='ocrx_word' id='word_1_97' title='bbox 1078 1950 1171 2011; x_wconf 85' lang='lat' dir='ltr'><strong>multa</strong></span> 
     </span>
     <span class='ocr_line' id='line_1_16' title="bbox 266 2047 1170 2131; baseline 0.003 -22"><span class='ocrx_word' id='word_1_98' title='bbox 266 2051 330 2124; x_wconf 89' lang='lat' dir='ltr'><strong>jam</strong></span> <span class='ocrx_word' id='word_1_99' title='bbox 352 2050 382 2110; x_wconf 94' lang='lat' dir='ltr'><strong>in</strong></span> <span class='ocrx_word' id='word_1_100' title='bbox 404 2070 517 2113; x_wconf 85' lang='lat' dir='ltr'><strong>massas</strong></span> <span class='ocrx_word' id='word_1_101' title='bbox 536 2051 706 2131; x_wconf 78' lang='lat' dir='ltr'><strong>liquefacta,</strong></span> <span class='ocrx_word' id='word_1_102' title='bbox 729 2056 823 2109; x_wconf 86' lang='lat' dir='ltr'><strong>eruta.</strong></span> <span class='ocrx_word' id='word_1_103' title='bbox 866 2047 1100 2111; x_wconf 73' lang='lat' dir='ltr'><strong>Caeterum‘ubi</strong></span> <span class='ocrx_word' id='word_1_104' title='bbox 1119 2070 1170 2112; x_wconf 70' lang='lat' dir='ltr'><strong>ca</strong></span> 
     </span>
     <span class='ocr_line' id='line_1_17' title="bbox 271 2149 1172 2229; baseline 0.004 -20"><span class='ocrx_word' id='word_1_105' title='bbox 271 2151 347 2212; x_wconf 89' lang='lat' dir='ltr'><strong>loris</strong></span> <span class='ocrx_word' id='word_1_106' title='bbox 369 2151 549 2229; x_wconf 91' lang='lat' dir='ltr'><strong>impatientia</strong></span> <span class='ocrx_word' id='word_1_107' title='bbox 574 2152 710 2211; x_wconf 79' lang='lat' dir='ltr'><strong>fossores</strong></span> <span class='ocrx_word' id='word_1_108' title='bbox 737 2168 800 2209; x_wconf 91' lang='lat' dir='ltr'><strong>non</strong></span> <span class='ocrx_word' id='word_1_109' title='bbox 826 2149 1012 2229; x_wconf 79' lang='lat' dir='ltr'><strong>admittebat,</strong></span> <span class='ocrx_word' id='word_1_110' title='bbox 1039 2151 1172 2214; x_wconf 88' lang='lat' dir='ltr'><strong>cumula-</strong></span> 
     </span>
     <span class='ocr_line' id='line_1_18' title="bbox 272 2250 1171 2314; baseline 0.003 -3"><span class='ocrx_word' id='word_1_111' title='bbox 272 2252 381 2311; x_wconf 78' lang='lat' dir='ltr'><strong>bantur</strong></span> <span class='ocrx_word' id='word_1_112' title='bbox 409 2250 568 2311; x_wconf 85' lang='lat' dir='ltr'><strong>identidem</strong></span> <span class='ocrx_word' id='word_1_113' title='bbox 596 2252 710 2311; x_wconf 89' lang='lat' dir='ltr'><strong>damna.</strong></span> <span class='ocrx_word' id='word_1_114' title='bbox 760 2250 836 2310; x_wconf 81' lang='lat' dir='ltr'><strong>Natu</strong></span> <span class='ocrx_word' id='word_1_115' title='bbox 869 2251 1020 2312; x_wconf 91' lang='lat' dir='ltr'><strong>doliorum</strong></span> <span class='ocrx_word' id='word_1_116' title='bbox 1051 2251 1171 2314; x_wconf 83' lang='lat' dir='ltr'><strong>circulis</strong></span> 
     </span>
     <span class='ocr_line' id='line_1_19' title="bbox 273 2350 1172 2426; baseline 0.001 -15"><span class='ocrx_word' id='word_1_117' title='bbox 273 2370 312 2411; x_wconf 87' lang='lat' dir='ltr'><strong>ex</strong></span> <span class='ocrx_word' id='word_1_118' title='bbox 334 2351 443 2411; x_wconf 84' lang='lat' dir='ltr'><strong>ardore</strong></span> <span class='ocrx_word' id='word_1_119' title='bbox 471 2350 698 2426; x_wconf 80' lang='lat' dir='ltr'><strong>dissilientibus,</strong></span> <span class='ocrx_word' id='word_1_120' title='bbox 725 2352 828 2411; x_wconf 87' lang='lat' dir='ltr'><strong>vinnm</strong></span> <span class='ocrx_word' id='word_1_121' title='bbox 854 2351 995 2412; x_wconf 83' lang='lat' dir='ltr'><strong>effluebat</strong></span> <span class='ocrx_word' id='word_1_122' title='bbox 1018 2370 1054 2412; x_wconf 88' lang='lat' dir='ltr'><strong>ea</strong></span> <span class='ocrx_word' id='word_1_123' title='bbox 1079 2352 1172 2413; x_wconf 81' lang='lat' dir='ltr'><strong>inter-</strong></span> 
     </span>
     <span class='ocr_line' id='line_1_20' title="bbox 273 2450 1173 2531; baseline 0.002 -20"><span class='ocrx_word' id='word_1_124' title='bbox 273 2454 345 2512; x_wconf 89' lang='lat' dir='ltr'><strong>dum</strong></span> <span class='ocrx_word' id='word_1_125' title='bbox 372 2451 475 2530; x_wconf 88' lang='lat' dir='ltr'><strong>copia,</strong></span> <span class='ocrx_word' id='word_1_126' title='bbox 506 2458 539 2511; x_wconf 93' lang='lat' dir='ltr'><strong>ut</strong></span> <span class='ocrx_word' id='word_1_127' title='bbox 566 2452 603 2512; x_wconf 87' lang='lat' dir='ltr'><strong>ad</strong></span> <span class='ocrx_word' id='word_1_128' title='bbox 631 2452 708 2513; x_wconf 90' lang='lat' dir='ltr'><strong>duos</strong></span> <span class='ocrx_word' id='word_1_129' title='bbox 736 2453 829 2531; x_wconf 92' lang='lat' dir='ltr'><strong>pedes</strong></span> <span class='ocrx_word' id='word_1_130' title='bbox 851 2450 946 2512; x_wconf 89' lang='lat' dir='ltr'><strong>cellae</strong></span> <span class='ocrx_word' id='word_1_131' title='bbox 966 2452 1173 2531; x_wconf 66' lang='lat' dir='ltr'><strong>implerentur,</strong></span> 
     </span>
     <span class='ocr_line' id='line_1_21' title="bbox 275 2551 1173 2633; baseline 0.002 -21"><span class='ocrx_word' id='word_1_132' title='bbox 275 2554 363 2628; x_wconf 78' lang='lat' dir='ltr'><strong>cujus</strong></span> <span class='ocrx_word' id='word_1_133' title='bbox 384 2552 519 2623; x_wconf 86' lang='lat' dir='ltr'><strong>nonnihil</strong></span> <span class='ocrx_word' id='word_1_134' title='bbox 542 2562 588 2613; x_wconf 88' lang='lat' dir='ltr'><strong>est</strong></span> <span class='ocrx_word' id='word_1_135' title='bbox 609 2553 793 2613; x_wconf 87' lang='lat' dir='ltr'><strong>exhaustum.</strong></span> <span class='ocrx_word' id='word_1_136' title='bbox 829 2551 937 2633; x_wconf 84' lang='lat' dir='ltr'><strong>Neque</strong></span> <span class='ocrx_word' id='word_1_137' title='bbox 958 2553 1173 2615; x_wconf 83' lang='lat' dir='ltr'><strong>etiamiuterea</strong></span> 
     </span>
     <span class='ocr_line' id='line_1_22' title="bbox 274 2652 1174 2733; baseline 0.002 -21"><span class='ocrx_word' id='word_1_138' title='bbox 274 2653 389 2713; x_wconf 89' lang='lat' dir='ltr'><strong>remisit</strong></span> <span class='ocrx_word' id='word_1_139' title='bbox 408 2660 567 2714; x_wconf 88' lang='lat' dir='ltr'><strong>ventorum</strong></span> <span class='ocrx_word' id='word_1_140' title='bbox 589 2652 789 2726; x_wconf 84' lang='lat' dir='ltr'><strong>vehementia,</strong></span> <span class='ocrx_word' id='word_1_141' title='bbox 816 2653 868 2733; x_wconf 90' lang='lat' dir='ltr'><strong>qui</strong></span> <span class='ocrx_word' id='word_1_142' title='bbox 888 2675 944 2733; x_wconf 89' lang='lat' dir='ltr'><strong>per</strong></span> <span class='ocrx_word' id='word_1_143' title='bbox 963 2656 1020 2714; x_wconf 91' lang='lat' dir='ltr'><strong>hos</strong></span> <span class='ocrx_word' id='word_1_144' title='bbox 1041 2652 1106 2714; x_wconf 92' lang='lat' dir='ltr'><strong>dies</strong></span> <span class='ocrx_word' id='word_1_145' title='bbox 1126 2654 1174 2714; x_wconf 91' lang='lat' dir='ltr'><strong>in-</strong></span> 
     </span>
     <span class='ocr_line' id='line_1_23' title="bbox 275 2753 1173 2833; baseline 0 -17"><span class='ocrx_word' id='word_1_146' title='bbox 275 2755 358 2816; x_wconf 90' lang='lat' dir='ltr'><strong>soliti</strong></span> <span class='ocrx_word' id='word_1_147' title='bbox 383 2754 472 2833; x_wconf 89' lang='lat' dir='ltr'><strong>plane</strong></span> <span class='ocrx_word' id='word_1_148' title='bbox 505 2760 536 2812; x_wconf 89' lang='lat' dir='ltr'><strong>et</strong></span> <span class='ocrx_word' id='word_1_149' title='bbox 560 2754 666 2815; x_wconf 75' lang='lat' dir='ltr'><strong>furiosi</strong></span> <span class='ocrx_word' id='word_1_150' title='bbox 697 2753 862 2831; x_wconf 86' lang='lat' dir='ltr'><strong>perflavere</strong></span> <span class='ocrx_word' id='word_1_151' title='bbox 894 2762 924 2816; x_wconf 90' lang='lat' dir='ltr'><strong>et</strong></span> <span class='ocrx_word' id='word_1_152' title='bbox 948 2755 1090 2816; x_wconf 83' lang='lat' dir='ltr'><strong>latentem</strong></span> <span class='ocrx_word' id='word_1_153' title='bbox 1116 2754 1173 2816; x_wconf 91' lang='lat' dir='ltr'><strong>sub</strong></span> 
     </span>
     <span class='ocr_line' id='line_1_24' title="bbox 275 2854 1173 2933; baseline 0.002 -18"><span class='ocrx_word' id='word_1_154' title='bbox 275 2854 428 2915; x_wconf 86' lang='lat' dir='ltr'><strong>cineribus</strong></span> <span class='ocrx_word' id='word_1_155' title='bbox 449 2856 546 2933; x_wconf 81' lang='lat' dir='ltr'><strong>ignem</strong></span> <span class='ocrx_word' id='word_1_156' title='bbox 569 2854 748 2915; x_wconf 83' lang='lat' dir='ltr'><strong>formidabili</strong></span> <span class='ocrx_word' id='word_1_157' title='bbox 769 2871 841 2915; x_wconf 88' lang='lat' dir='ltr'><strong>sane</strong></span> <span class='ocrx_word' id='word_1_158' title='bbox 862 2854 1108 2933; x_wconf 79' lang='lat' dir='ltr'><strong>spectacul‘o&#39;per</strong></span> <span class='ocrx_word' id='word_1_159' title='bbox 1121 2875 1173 2917; x_wconf 91' lang='lat' dir='ltr'><strong>ru-</strong></span> 
     </span>
     <span class='ocr_line' id='line_1_25' title="bbox 275 2954 1188 3034; baseline -0.001 -17"><span class='ocrx_word' id='word_1_160' title='bbox 275 2958 348 3017; x_wconf 86' lang='lat' dir='ltr'><strong>dera</strong></span> <span class='ocrx_word' id='word_1_161' title='bbox 370 2962 400 3015; x_wconf 89' lang='lat' dir='ltr'><strong>et</strong></span> <span class='ocrx_word' id='word_1_162' title='bbox 419 2955 549 3034; x_wconf 80' lang='lat' dir='ltr'><strong>integras</strong></span> <span class='ocrx_word' id='word_1_163' title='bbox 571 2958 729 3017; x_wconf 83' lang='lat' dir='ltr'><strong>etiamnum</strong></span> <span class='ocrx_word' id='word_1_164' title='bbox 751 2956 841 3015; x_wconf 86' lang='lat' dir='ltr'><strong>aedes</strong></span> <span class='ocrx_word' id='word_1_165' title='bbox 862 2954 1040 3033; x_wconf 65' lang='lat' dir='ltr'><strong>disperserat</strong></span> <span class='ocrx_word' id='word_1_166' title='bbox 1088 2956 1188 3016; x_wconf 68' lang='lat' dir='ltr'><strong>Unde</strong></span> 
     </span>
     <span class='ocr_line' id='line_1_26' title="bbox 275 3055 1189 3136; baseline 0.001 -19"><span class='ocrx_word' id='word_1_167' title='bbox 275 3058 374 3134; x_wconf 81' lang='lat' dir='ltr'><strong>major</strong></span> <span class='ocrx_word' id='word_1_168' title='bbox 400 3056 535 3135; x_wconf 82' lang='lat' dir='ltr'><strong>vigilum&#39;</strong></span> <span class='ocrx_word' id='word_1_169' title='bbox 549 3057 724 3131; x_wconf 85' lang='lat' dir='ltr'><strong>solicitudo,</strong></span> <span class='ocrx_word' id='word_1_170' title='bbox 756 3056 863 3116; x_wconf 83' lang='lat' dir='ltr'><strong>minbr‘</strong></span> <span class='ocrx_word' id='word_1_171' title='bbox 885 3055 1011 3116; x_wconf 85' lang='lat' dir='ltr'><strong>civibus‘</strong></span> <span class='ocrx_word' id='word_1_172' title='bbox 1031 3056 1117 3136; x_wconf 89' lang='lat' dir='ltr'><strong>quies</strong></span> <span class='ocrx_word' id='word_1_173' title='bbox 1145 3057 1189 3118; x_wconf 69' lang='lat' dir='ltr'><strong>et¹</strong></span> 
     </span>
     <span class='ocr_line' id='line_1_27' title="bbox 276 3155 1174 3235; baseline -0.001 -17"><span class='ocrx_word' id='word_1_174' title='bbox 276 3160 308 3219; x_wconf 94' lang='lat' dir='ltr'><strong>in</strong></span> <span class='ocrx_word' id='word_1_175' title='bbox 334 3156 445 3219; x_wconf 86' lang='lat' dir='ltr'><strong>illaesis</strong></span> <span class='ocrx_word' id='word_1_176' title='bbox 472 3156 703 3219; x_wconf 84' lang='lat' dir='ltr'><strong>habitationibus</strong></span> <span class='ocrx_word' id='word_1_177' title='bbox 731 3156 885 3217; x_wconf 84' lang='lat' dir='ltr'><strong>securitas.</strong></span> <span class='ocrx_word' id='word_1_178' title='bbox 933 3155 978 3215; x_wconf 81' lang='lat' dir='ltr'><strong>hc</strong></span> <span class='ocrx_word' id='word_1_179' title='bbox 999 3156 1087 3235; x_wconf 88' lang='lat' dir='ltr'><strong>pauci</strong></span> <span class='ocrx_word' id='word_1_180' title='bbox 1108 3159 1174 3235; x_wconf 89' lang='lat' dir='ltr'><strong>ejus</strong></span> 
     </span>
     <span class='ocr_line' id='line_1_28' title="bbox 278 3256 1175 3335; baseline -0.003 -16"><span class='ocrx_word' id='word_1_181' title='bbox 278 3256 539 3332; x_wconf 76' lang='lat' dir='ltr'><strong>erant&#39;audaciae,</strong></span> <span class='ocrx_word' id='word_1_182' title='bbox 566 3266 599 3319; x_wconf 92' lang='lat' dir='ltr'><strong>ut</strong></span> <span class='ocrx_word' id='word_1_183' title='bbox 628 3278 677 3319; x_wconf 88' lang='lat' dir='ltr'><strong>res</strong></span> <span class='ocrx_word' id='word_1_184' title='bbox 699 3277 768 3319; x_wconf 88' lang='lat' dir='ltr'><strong>snas</strong></span> <span class='ocrx_word' id='word_1_185' title='bbox 790 3258 858 3317; x_wconf 89' lang='lat' dir='ltr'><strong>hinc</strong></span> <span class='ocrx_word' id='word_1_186' title='bbox 878 3257 949 3317; x_wconf 89' lang='lat' dir='ltr'><strong>inde</strong></span> <span class='ocrx_word' id='word_1_187' title='bbox 969 3269 1025 3335; x_wconf 90' lang='lat' dir='ltr'><strong>per</strong></span> <span class='ocrx_word' id='word_1_188' title='bbox 1046 3257 1175 3335; x_wconf 83' lang='lat' dir='ltr'><strong>compita</strong></span> 
     </span>
     <span class='ocr_line' id='line_1_29' title="bbox 279 3358 1176 3438; baseline -0.002 -19"><span class='ocrx_word' id='word_1_189' title='bbox 279 3364 310 3419; x_wconf 89' lang='lat' dir='ltr'><strong>et</strong></span> <span class='ocrx_word' id='word_1_190' title='bbox 334 3360 440 3419; x_wconf 88' lang='lat' dir='ltr'><strong>hortos</strong></span> <span class='ocrx_word' id='word_1_191' title='bbox 467 3359 618 3437; x_wconf 86' lang='lat' dir='ltr'><strong>dispersas</strong></span> <span class='ocrx_word' id='word_1_192' title='bbox 645 3359 682 3419; x_wconf 84' lang='lat' dir='ltr'><strong>ad</strong></span> <span class='ocrx_word' id='word_1_193' title='bbox 709 3378 742 3419; x_wconf 89' lang='lat' dir='ltr'><strong>se</strong></span> <span class='ocrx_word' id='word_1_194' title='bbox 773 3358 956 3436; x_wconf 84' lang='lat' dir='ltr'><strong>reciperent,</strong></span> <span class='ocrx_word' id='word_1_195' title='bbox 988 3375 1066 3438; x_wconf 86' lang='lat' dir='ltr'><strong>quae</strong></span> <span class='ocrx_word' id='word_1_196' title='bbox 1091 3374 1176 3417; x_wconf 91' lang='lat' dir='ltr'><strong>mora</strong></span> 
     </span>
     <span class='ocr_line' id='line_1_30' title="bbox 277 3456 1175 3538; baseline -0.001 -19"><span class='ocrx_word' id='word_1_197' title='bbox 277 3459 380 3520; x_wconf 90' lang='lat' dir='ltr'><strong>multis</strong></span> <span class='ocrx_word' id='word_1_198' title='bbox 401 3459 535 3538; x_wconf 87' lang='lat' dir='ltr'><strong>perditae</strong></span> <span class='ocrx_word' id='word_1_199' title='bbox 556 3460 682 3520; x_wconf 82' lang='lat' dir='ltr'><strong>malitiae</strong></span> <span class='ocrx_word' id='word_1_200' title='bbox 703 3458 873 3521; x_wconf 88' lang='lat' dir='ltr'><strong>hominibu&#39;s</strong></span> <span class='ocrx_word' id='word_1_201' title='bbox 892 3464 995 3520; x_wconf 74' lang='lat' dir='ltr'><strong>anisam</strong></span> <span class='ocrx_word' id='word_1_202' title='bbox 1009 3458 1090 3519; x_wconf 88' lang='lat' dir='ltr'><strong>dedit</strong></span> <span class='ocrx_word' id='word_1_203' title='bbox 1102 3456 1175 3518; x_wconf 88' lang='lat' dir='ltr'><strong>alie-</strong></span> 
     </span>
     <span class='ocr_line' id='line_1_31' title="bbox 278 3558 1175 3623; baseline -0.003 -2"><span class='ocrx_word' id='word_1_204' title='bbox 278 3578 406 3623; x_wconf 79' lang='lat' dir='ltr'><strong>naeres</strong></span> <span class='ocrx_word' id='word_1_205' title='bbox 428 3561 634 3623; x_wconf 83' lang='lat' dir='ltr'><strong>contrectandi</strong></span> <span class='ocrx_word' id='word_1_206' title='bbox 655 3561 742 3623; x_wconf 89' lang='lat' dir='ltr'><strong>simul</strong></span> <span class='ocrx_word' id='word_1_207' title='bbox 764 3566 794 3622; x_wconf 89' lang='lat' dir='ltr'><strong>et</strong></span> <span class='ocrx_word' id='word_1_208' title='bbox 814 3559 1014 3622; x_wconf 86' lang='lat' dir='ltr'><strong>subtrahendi.</strong></span> <span class='ocrx_word' id='word_1_209' title='bbox 1049 3558 1175 3619; x_wconf 89' lang='lat' dir='ltr'><strong>Postera</strong></span> 
     </span>
    </p>
   </div>
   <div class='ocr_carea' id='block_1_4' title="bbox 0 0 1526 4409">
    <p class='ocr_par' dir='ltr' id='par_1_4' title="bbox 0 0 1526 4409">
     <span class='ocr_line' id='line_1_32' title="bbox 0 0 1526 4409; baseline 0 0"><span class='ocrx_word' id='word_1_210' title='bbox 0 0 1526 4409; x_wconf 95' lang='lat' dir='ltr'><strong> </strong></span> 
     </span>
    </p>
   </div>
  </div>
 </body>
</html>
