3025 4409
662 513 804 585 Apolcgia
1143 522 1184 581 21

278 692 352 733 usus
374 690 455 733 eram
477 688 571 749 equo,
601 669 676 731 socii
703 670 786 731 furto
806 669 958 731 abstulere
978 670 1108 752 indeque
1129 672 1182 733 tri-

278 773 361 850 ginta
375 770 473 831 minus
488 776 609 849 paratos
626 771 762 832 florenos
776 771 958 831 veterinario
973 770 1094 833 solvere
1110 793 1181 834 coa·

278 879 347 933 ctus
376 891 451 931 sum.
496 870 529 929 ln
550 870 657 931 itinere
678 873 777 933 reditu
798 871 982 951 Argentiuae
1003 871 1181 935 Catianeros

277 975 416 1033 Berones
438 970 580 1045 salutavi,
610 992 687 1051 quos
710 980 773 1033 tum
794 982 979 1051 postremum
1006 993 1074 1033 cum
1093 992 1182 1051 prae·

278 1078 405 1150 ceptore
425 1071 493 1131 Joh.
516 1072 743 1149 Taulrero⁵¹)‚
765 1073 946 1135 amicissimo
969 1093 1054 1147 meo,
1076 1080 1182 1151 postea

278 1171 392 1233 celebri
418 1170 660 1249 theologovidi‚
690 1172 748 1234 uisi
770 1175 852 1254 quod
875 1174 1041 1253 Georgium
1061 1174 1181 1234 Baltlna—

279 1292 379 1333 sarum
401 1291 481 1331 anno
503 1279 574 1349 post
594 1271 625 1331 in
645 1273 771 1351 patriam
792 1276 977 1348 redeuntem,
1000 1294 1069 1335 cum
1084 1274 1181 1335 adme

279 1372 435 1452 Tubingae
463 1372 647 1447 divertisset,
678 1375 768 1435 unius
795 1376 855 1436 dici
884 1375 992 1435 itinere
1022 1374 1181 1435 comitatus

279 1494 356 1549 sum,
377 1494 435 1534 nec
457 1474 565 1534 exinde
586 1474 657 1535 mihi
679 1476 715 1535 de
739 1478 904 1537 eorundem
926 1477 991 1537 sive
1012 1475 1198 1535 incremen-'

279 1575 318 1636 tis
339 1579 404 1635 sive
425 1575 623 1638 decrementis
646 1577 806 1657 quicquam
827 1576 970 1638 constitit.

321 1675 416 1736 Paulo
431 1684 502 1754 post
513 1677 641 1757 Magetri
652 1698 732 1739 uxor
745 1679 883 1737 Johauna
896 1676 1057 1737 Graseceia
1068 1683 1181 1736 matro-

280 1775 356 1837 nalis
381 1760 509 1855 exempli
528 1777 658 1839 foemina
673 1778 724 1839 lue
738 1778 880 1855 populari
897 1798 933 1837 ac
947 1798 1016 1836 cum
1035 1795 1071 1835 ea
1082 1776 1181 1837 omnis

278 1898 377 1957 prope
398 1878 496 1937 mariti
516 1877 641 1939 felicitas
664 1880 794 1937 extincta
816 1885 870 1938 est.
914 1877 1052 1955 Cumque
1074 1876 1099 1935 is
1120 1878 1180 1934 De-

279 1980 434 2058 redingam
455 1979 640 2051 secessisset,
662 1978 699 2038 ab
721 1978 908 2038 amicissimis
921 1977 1068 2049 desertus,
1091 1974 1179 2036 Cirri-

280 2081 457 2159 stophorum
477 2079 642 2139 Besoldum
669 2086 760 2159 atque
781 2098 829 2138 me
850 2097 948 2157 prope
969 2096 1047 2137 nuos
1069 2076 1181 2150 habuit,

279 2180 331 2261 qui
352 2180 523 2241 inviserent.
559 2180 654 2255 Cujus
676 2179 837 2239 occasione
860 2177 1090 2240 intereundum
1105 2176 1179 2236 ami-

280 2281 349 2341 citia
370 2280 482 2339 arctior
502 2279 580 2339 inter
601 2298 659 2339 nos
681 2280 802 2355 coaluit,
825 2300 913 2361 quam
927 2278 1080 2340 Besoldus
1097 2278 1179 2339 omni

279 2388 387 2459 postea
407 2386 543 2457 tempore
565 2379 750 2441 continuavit
772 2388 803 2441 et
822 2381 971 2443 beneficio
985 2383 1070 2444 levit.
1112 2382 1178 2443 iam

281 2478 415 2541 Gallicae
434 2477 554 2558 linguae
575 2479 704 2541 studium
723 2481 847 2561 aliquod
869 2483 1074 2558 contuleram,
1097 2482 1180 2563 quod

279 2580 347 2656 ille,
376 2601 434 2660 qua
460 2580 660 2655 institutione,
691 2601 749 2661 qua
770 2581 917 2643 librorum
939 2583 1180 2645 commodatione

279 2680 442 2759 plurimum
464 2681 555 2741 auxit.
603 2682 649 2741 Ac
671 2681 700 2740 in
722 2682 850 2743 Bartasii
864 2682 916 2758 ⁸²)
938 2687 1046 2761 politae
1068 2683 1179 2762 princi-

280 2781 328 2859 pis
350 2782 522 2861 septimanis
544 2782 775 2861 interpretandis
796 2803 831 2843 ac
844 2783 1055 2844 convertendis
1067 2782 1179 2863 aliquid

280 2900 374 2943 ausus
395 2900 485 2957 eram,
508 2883 590 2962 quod
612 2884 681 2963 quia
702 2883 739 2943 ab
762 2883 828 2945 aliis
849 2884 941 2962 longe
957 2884 1074 2945 felicius
1092 2900 1179 2963 pree-

281 2982 384 3043 stitum
409 2983 523 3061 reperi,
550 2982 647 3043 libens
675 2983 804 3045 deserui.
849 2988 965 3045 Interea
986 2983 1180 3064 disputationi

281 3084 469 3163 theologicae
502 3082 707 3143 defendendae
737 3084 890 3145 accinctus
924 3104 1004 3144 eram
1033 3092 1063 3147 et
1088 3091 1180 3145 mate-

281 3184 357 3244 riam
367 3184 531 3245 Veritatem
546 3183 700 3263 religionis
720 3184 898 3245 christianae
907 3185 1085 3263 delegeram,
1107 3205 1181 3247 con-

282 3286 377 3345 ductu
404 3283 499 3345 Andr.
527 3284 682 3358 Osiandri‚
716 3284 804 3361 cujus
832 3291 895 3346 tum
925 3286 1084 3347 convictor
1113 3306 1180 3347 cum

282 3386 488 3447 Truchsessiis
511 3407 600 3447 eram.
637 3385 676 3445 At
697 3390 837 3463 serpente
849 3385 908 3447 luis
919 3388 1064 3466 contagio
1080 3388 1181 3464 etjam

283 3492 453 3565 grassante,
481 3486 632 3547 academia
660 3505 813 3547 secessum
838 3486 991 3562 meditata,
1021 3487 1181 3566 hospitium

284 3585 512 3666 Herrenbergac
540 3594 570 3648 et
596 3586 707 3649 Calvae
735 3586 856 3666 reperit.
903 3588 969 3666 Ego
997 3588 1112 3649 Galliae
1137 3588 1181 3647 vi-
