3025 4409
323 523 343 583 e
591 513 674 569 teser
689 514 708 569 1.
769 512 954 570 laec-tem

327 671 416 733 licem
436 672 555 735 Roesclr
577 679 607 731 et
627 670 668 733 bl.
688 669 839 733 Andream
859 671 966 746 Fabri,
992 672 1044 753 qui
1065 686 1171 733 omnes
1192 680 1223 732 et

329 771 439 852 singuli
452 770 600 835 iumenta
617 778 647 832 et
657 770 717 833 fido
729 772 863 833 officium
875 773 984 834 iecere.
1016 771 1139 833 Interim
1155 792 1223 833 eum

328 872 420 935 uariis
438 871 553 937 morbis
573 878 659 949 puter
679 871 881 952 impeteretur,
903 872 1035 933 medicae
1056 872 1124 952 opis
1144 872 1224 934 desi·

330 972 416 1035 derio
435 973 603 1035 iohannem
622 971 784 1033 Mollerum
807 980 837 1033 et
860 972 1028 1034 iohannem
1048 972 1223 1052 llartigium,

331 1071 473 1147 Silesios‚
505 1072 662 1153 utriusque
690 1073 855 1134 medicinae
885 1072 1040 1134 studiosos
1069 1074 1224 1149 conduxit,

330 1192 459 1253 quorum
484 1190 578 1251 opera
604 1194 670 1235 cum
698 1175 727 1235 in
754 1172 967 1253 praeparandis
993 1173 1224 1250 medicamentis,

329 1282 393 1335 tum
413 1272 603 1335 instituendis
624 1274 693 1335 liliis
714 1282 859 1348 uteretur,
880 1282 1041 1354 utrumque
1054 1292 1128 1335 sane
1145 1274 1225 1336 bona

330 1372 390 1435 fide
400 1372 577 1453 probavere,
594 1375 747 1453 posterius
761 1381 860 1434 tamen
874 1374 930 1448 bic,
952 1393 1040 1454 quam
1054 1374 1225 1436 felicissime

330 1478 361 1533 et
381 1474 509 1535 maxima
535 1473 680 1535 industrie
701 1474 862 1553 praestitit,
889 1473 938 1535 cui
959 1473 1045 1535 etiam
1066 1494 1140 1553 prae
1159 1474 1225 1535 eliis

330 1574 578 1653 praeceptoribus
595 1574 755 1654 plurimum
777 1594 824 1636 me
839 1574 951 1635 debere
967 1574 1123 1653 profiteor.
1158 1576 1226 1637 Dici

331 1689 393 1733 non
419 1680 533 1753 potest,
561 1684 704 1756 qiruntum
725 1675 804 1737 inter
823 1685 926 1755 aptum
950 1675 1143 1756 ineptumque
1165 1696 1226 1738 ura·

330 1771 455 1851 gistrum
472 1775 662 1837 'discriminis
683 1778 731 1837 sit
773 1776 902 1838 Brevicr
922 1776 978 1837 tuit
996 1775 1121 1855 llertigii
1141 1777 1226 1839 insti-

330 1877 417 1952 tutio,
440 1877 493 1938 sed
515 1877 662 1958 exquisita
684 1877 766 1939 etin
786 1895 905 1939 omnem
924 1882 1047 1937 aetatem
1066 1876 1226 1950 durabilis3

330 1975 459 2039 aliorum
476 1978 577 2039 verius
591 1999 649 2058 pro
672 1977 858 2040 conscientie
877 1996 967 2057 quam
985 1976 1119 2039 scientia.
1150 1978 1226 2055 Qui·

330 2076 388 2138 bus
408 2096 595 2159 nequaquam
618 2080 676 2141 lroc
697 2077 909 2157 exprobratum
929 2076 1034 2152 velim,
1056 2079 1139 2139 omni
1158 2098 1227 2158 grn-

330 2176 455 2239 titudine
476 2198 541 2239 meu
555 2178 746 2258 dignissimis,
767 2177 871 2239 saltem
893 2179 1049 2258 conqueri,
1069 2198 1132 2241 non
1150 2180 1228 2242 mul·

330 2284 439 2352 torum,
460 2278 514 2339 sed
536 2278 650 2357 oppido
666 2297 832 2356 paucorum
849 2296 918 2339 esse
926 2278 1085 2357 pueritiam
1096 2280 1227 2343 iormere

331 2386 361 2439 et
382 2377 518 2454 erudire,
545 2396 622 2458 quse
646 2384 745 2438 tannen
772 2398 823 2439 res
849 2380 1021 2457 promiscue
1041 2399 1077 2441 ec
1097 2380 1148 2441 vix
1168 2381 1227 2443 nisi

330 2477 558 2557 imperitissimis
579 2476 780 2540 concreditur.
812 2478 889 2540 llinc
902 2480 1057 2559 temporis,
1076 2480 1227 2560 impense·

330 2598 397 2641 rum
418 2587 449 2641 et
468 2579 622 2658 plagarum
643 2576 803 2639 maximum
824 2579 1023 2660 dispendium,
1043 2589 1078 2642 ut
1097 2581 1156 2643 nisi
1171 2601 1228 2661 per

331 2698 364 2741 se
385 2679 536 2760 ingenium
554 2678 638 2740 velut
659 2698 697 2739 ex
718 2698 817 2741 coeno
838 2691 980 2761 emergat,
1001 2681 1175 2762 impeditum
1192 2701 1228 2744 se

329 2780 431 2859 potius
462 2800 549 2861 quarn
577 2787 741 2842 extractum
768 2800 943 2843 asseverare
962 2782 1070 2862 possit.
1111 2784 1227 2843 Deme

330 2882 435 2943 nescio
456 2882 529 2963 quid
549 2883 757 2961 pronunciem,
780 2902 853 2944 sane
872 2902 1058 2946 remorarum
1071 2882 1227 2962 impatien-

330 2982 370 3043 tiu
391 2990 501 3061 sponte
522 3002 569 3043 me
590 2981 659 3043 dedi
679 2981 803 3045 lectioni
820 2984 996 3061 Frisclrlini,
1022 2984 1155 3058 Erasini,
1175 2983 1226 3043 Li·

329 3082 370 3144 vii
395 3092 425 3145 et
445 3084 690 3165 cosmographiae
713 3084 874 3161 Miinsteri,
901 3105 1031 3167 quorum
1050 3082 1226 3145 delinimen-

330 3186 368 3247 tis
389 3185 538 3249 historicis
559 3184 619 3247 stili
631 3184 854 3264 intelligentiam
867 3185 1032 3265 penetrari,
1045 3167 1146 3245 ¹susus
1156 3200 1225 3245 meo

331 3288 474 3369 primum,
501 3286 569 3347 dein
593 3286 658 3347 sine
675 3286 791 3347 cortice
810 3294 929 3363 mamre,
953 3294 983 3349 et
1003 3285 1148 3366 plurimae
1169 3302 1225 3346 vo-

328 3388 467 3451 lutationi
485 3408 532 3449 me
551 3386 728 3467 immergere
738 3385 779 3463 ⁴).

372 3489 506 3551 'landem
526 3488 667 3549 inclinata
686 3487 780 3567 patris
800 3486 987 3562 valetudine,
1014 3504 1083 3547 cum
1102 3485 1227 3547 concio-

330 3590 421 3652 nendi
440 3588 596 3651 laboribus
617 3588 820 3651 sublevandus
844 3598 933 3665 esset,
954 3587 1123 3649 Joltauncm
1143 3584 1227 3649 liob-
